code,internal_code,name,manufacturer_name,manufacture_country,manufacturer_item_description,unit_qty,quantity,unit_of_measure,weighted,qty_in_package,price,unit_of_measure_price,allow_discount,status,item_id
2,true,מחיר לחיוב חד פעמי,,,מחיר לחיוב חד פעמי,,0.00,,false,,0.00,0.0000,true,1,135458
11,true,טסט 2 ליטר,,,טסט 2 ליטר,,0.00,,false,,0.00,0.0000,true,1,136470
50,true,קרח לימון,,,קרח לימון,,0.00,,false,,2.50,0.0000,true,1,132011
51,true,קרח רמזור,,,קרח רמזור,,0.00,,false,,2.50,0.0000,true,1,132013
52,true,שוקו שוקו מצופה,,,שוקו שוקו מצופה,,0.00,,false,,2.50,0.0000,true,1,132019
54,true,בובספוג,,,בובספוג,,0.00,,false,,5.00,0.0000,true,1,132021
55,true,גומיגם,,,גומיגם,,0.00,,false,,5.00,0.0000,true,1,132025
56,true,פרילי תות,,,פרילי תות,,0.00,,false,,5.00,0.0000,true,1,132030
58,true,פרילי מנגו,,,פרילי מנגו,,0.00,,false,,5.00,0.0000,true,1,132032
59,true,טילון,,,טילון,,0.00,,false,,5.00,0.0000,true,1,132033
185,true,חטיף בריאות פיסטוק מ,,,חטיף בריאות פיסטוק מ,,0.00,,false,,5.00,0.0000,true,1,131877
186,true,חטיף בריאות שוקולד ק,,,חטיף בריאות שוקולד ק,,0.00,,false,,5.00,0.0000,true,1,131878
187,true,חטיף מוזלי פירות,,,חטיף מוזלי פירות,,0.00,,false,,5.00,0.0000,true,1,131879
188,true,חטיף גרנולה אננס דיא,,,חטיף גרנולה אננס דיא,,0.00,,false,,5.00,0.0000,true,1,131880
189,true,מפעל-לחמניות מיני בי,,,מפעל-לחמניות מיני בי,,0.00,,false,,2999.90,0.0000,true,1,138432
314,true,מי סוכר,,,מי סוכר,,0.00,,false,,5.00,0.0000,true,1,132257
410,true,קולה,,,קולה,,0.00,,false,,5.00,0.0000,true,1,131993
412,true,קולה זירו,,,קולה זירו,,0.00,,false,,5.00,0.0000,true,1,131995
413,true,ספרייט,,,ספרייט,,0.00,,false,,5.00,0.0000,true,1,131996
414,true,דיאט ספרייט,,,דיאט ספרייט,,0.00,,false,,5.00,0.0000,true,1,131997
415,true,פאנטה,,,פאנטה,,0.00,,false,,5.00,0.0000,true,1,131998
416,true,סודה,,,סודה,,0.00,,false,,5.00,0.0000,true,1,131999
417,true,מים מינרלים,,,מים מינרלים,,0.00,,false,,5.00,0.0000,true,1,132000
418,true,פריגת ענבים,,,פריגת ענבים,,0.00,,false,,5.00,0.0000,true,1,132001
419,true,קרנרגי,,,קרנרגי,,0.00,,false,,5.00,0.0000,true,1,132002
421,true,פריגת אשכוליות,,,פריגת אשכוליות,,0.00,,false,,5.00,0.0000,true,1,132003
459,true,מכסה שחור לכוס נייר,,,מכסה שחור לכוס נייר,קילוגרמים,1.00,"ק""ג",true,,95.00,95.0000,true,1,132270
506,true,חלב סויה אלפרו ליטר,,,חלב סויה אלפרו ליטר,,0.00,,false,,9.83,0.0000,true,1,132217
546,true,"ג""בטינה טונה",,,"ג""בטינה טונה",,0.00,,false,,5.00,0.0000,true,1,132023
605,true,אקונומיקה4 ליטר,,,אקונומיקה4 ליטר,,0.00,,false,,0.00,0.0000,true,1,135566
606,true,ניקוי חלונות4 ליטר,,,ניקוי חלונות4 ליטר,,0.00,,false,,0.00,0.0000,true,1,135567
607,true,שמפו רצפות 4 ליטר,,,שמפו רצפות 4 ליטר,,0.00,,false,,0.00,0.0000,true,1,135568
611,true,"כוס מרק500 יח ""בקרטו",,,"כוס מרק500 יח ""בקרטו",קילוגרמים,1.00,"ק""ג",true,,135.00,135.0000,true,1,132283
616,true,סבון קצף ורוד 1 ליטר,,,סבון קצף ורוד 1 ליטר,,0.00,,false,,0.00,0.0000,true,1,135569
618,true,מסיר שומנים4 ליטר,,,מסיר שומנים4 ליטר,,0.00,,false,,0.00,0.0000,true,1,135570
620,true,יעה,,,יעה,,0.00,,false,,2.23,0.0000,true,1,132287
633,true,שקיות ללא מיתוג45/5,,,שקיות ללא מיתוג45/5,,0.00,,false,,0.00,0.0000,true,1,135571
663,true,גלופה,,,גלופה,,0.00,,false,,0.00,0.0000,true,1,136383
664,true,סופרגול מ 16.01.17 -,,,סופרגול מ 16.01.17 -,,0.00,,false,,0.00,0.0000,true,1,136384
802,true,היטל מס קניה,,,היטל מס קניה,,0.00,,false,,0.00,0.0000,true,1,136803
852,true,מיץ רימון טבעי,,,מיץ רימון טבעי,,0.00,,false,,0.00,0.0000,true,1,138594
996,true,נוזל כלים תפוח 4 ליט,,,נוזל כלים תפוח 4 ליט,,0.00,,false,,0.00,0.0000,true,1,135688
1001,true,הודעה לבר,,,הודעה לבר,,0.00,,false,,0.00,0.0000,true,1,135846
1003,true,לחמניה עגולה כפרית),,,לחמניה עגולה כפרית),,0.00,,false,,2.90,0.0000,true,1,139334
1373,true,כפפות ניטריל מידה L,,,כפפות ניטריל מידה L,,0.00,,false,,0.00,0.0000,true,1,137558
1600,true,קופון קפה בשקל,,,קופון קפה בשקל,,0.00,,false,,0.01,0.0000,true,1,138264
1601,true,קופון HOT,,,קופון HOT,,0.00,,false,,0.01,0.0000,true,1,138713
1602,true,קופון סוב,,,קופון סוב,,0.00,,false,,0.01,0.0000,true,1,138870
1603,true,קופון הוט,,,קופון הוט,,0.00,,false,,0.01,0.0000,true,1,138967
1604,true,קופון גרופון,,,קופון גרופון,,0.00,,false,,0.01,0.0000,true,1,139007
1656,true,מפעל-רוטב ישראלי לסל,,,מפעל-רוטב ישראלי לסל,,0.00,,false,,0.00,0.0000,true,1,137505
1984,true,קופון נסיון,,,קופון נסיון,,0.00,,false,,0.01,0.0000,true,1,138083
2018,true,וודקה אבסולוט בקבוק,,,וודקה אבסולוט בקבוק,,0.00,,false,,0.00,0.0000,true,1,134939
2026,true,אקסל פחית,,,אקסל פחית,,0.00,,false,,5.00,0.0000,true,1,131896
2027,true,ערק אשקלון בקבוק700,,,ערק אשקלון בקבוק700,קילוגרמים,1.00,"ק""ג",true,,0.00,0.0000,true,1,134942
2047,true,בירה חבית קופיקס,,,בירה חבית קופיקס,,0.00,,false,,0.00,0.0000,true,1,135461
2081,true,כוס יין,,,כוס יין,,0.00,,false,,2.89,0.0000,true,1,132225
2100,true,"מלח למדיח 25 ק""ג",,,"מלח למדיח 25 ק""ג",,0.00,,false,,0.00,0.0000,true,1,135466
2148,true,מיכל CO2 מלא,,,מיכל CO2 מלא,,0.00,,false,,0.00,0.0000,true,1,136554
2149,true,שש כוסות,,,שש כוסות,,0.00,,false,,0.00,0.0000,true,1,135468
2367,true,מפעל-פיתה טוסט,,,מפעל-פיתה טוסט,,0.00,,false,,2999.90,0.0000,true,1,138472
3015,true,גלופה לכוסות,,,גלופה לכוסות,,0.00,,false,,0.00,0.0000,true,1,135469
3050,true,חטיף גרנולה אננס דיא,,,חטיף גרנולה אננס דיא,קילוגרמים,1.00,"ק""ג",true,,0.00,0.0000,true,1,134608
3051,true,חטיף מוזלי פירות 33,,,חטיף מוזלי פירות 33,קילוגרמים,1.00,"ק""ג",true,,0.00,0.0000,true,1,134609
3052,true,חטיף בריאות שוקולד ק,,,חטיף בריאות שוקולד ק,קילוגרמים,1.00,"ק""ג",true,,0.00,0.0000,true,1,134610
3053,true,חטיף בריאות פיסטוק מ,,,חטיף בריאות פיסטוק מ,קילוגרמים,1.00,"ק""ג",true,,0.00,0.0000,true,1,134611
3076,true,חלב 1% זיכוי,,,חלב 1% זיכוי,,0.00,,false,,0.00,0.0000,true,1,136791
3077,true,חלב 3% זיכוי,,,חלב 3% זיכוי,,0.00,,false,,0.00,0.0000,true,1,136792
3127,true,שוקולטה -קרטון 10 יח,,,שוקולטה -קרטון 10 יח,,0.00,,false,,0.00,0.0000,true,1,134729
3128,true,קרמל וחמאת בוטנים -,,,קרמל וחמאת בוטנים -,,0.00,,false,,0.00,0.0000,true,1,134730
3147,true,טוסט פיקנטי,,,טוסט פיקנטי,,0.00,,false,,5.00,0.0000,true,1,133435
3156,true,מדבקה למיחם דים סאם,,,מדבקה למיחם דים סאם,,0.00,,false,,0.00,0.0000,true,1,134736
3161,true,פקדון אילת,,,פקדון אילת,,0.00,,false,,0.00,0.0000,true,1,135489
3222,true,סחבה לבנה לרצפה50*7,,,סחבה לבנה לרצפה50*7,,0.00,,false,,0.00,0.0000,true,1,134792
3223,true,מתקן נייר טואלט שליש,,,מתקן נייר טואלט שליש,,0.00,,false,,0.00,0.0000,true,1,135499
3226,true,מסיר אבנית קצף,,,מסיר אבנית קצף,,0.00,,false,,0.00,0.0000,true,1,135500
3232,true,מתקן נייר טואלט צץ ר,,,מתקן נייר טואלט צץ ר,,0.00,,false,,0.00,0.0000,true,1,135502
3233,true,36יחידות 250 דף ניי,,,36יחידות 250 דף ניי,,0.00,,false,,0.00,0.0000,true,1,134804
3248,true,מרינה סופר מכר עם מע,,,מרינה סופר מכר עם מע,,0.00,,false,,0.00,0.0000,true,1,135217
3256,true,יעה עם מקל,,,יעה עם מקל,,0.00,,false,,0.00,0.0000,true,1,135410
3272,true,מפעל-העמסת סושי,,,מפעל-העמסת סושי,,0.00,,false,,0.00,0.0000,true,1,136125
3274,true,הפרש מחיר סופרגול מ,,,הפרש מחיר סופרגול מ,,0.00,,false,,0.00,0.0000,true,1,136126
3275,true,מכונת קפה,,,מכונת קפה,,0.00,,false,,0.00,0.0000,true,1,136134
3276,true,זיכוי סופר גול 1.27,,,זיכוי סופר גול 1.27,,0.00,,false,,0.00,0.0000,true,1,136154
3277,true,מפעל-רכז עגבניות,,,מפעל-רכז עגבניות,,0.00,,false,,2999.90,0.0000,true,1,136155
3288,true,מפעל-לחמנית שומשום א,,,מפעל-לחמנית שומשום א,,0.00,,false,,2999.90,0.0000,true,1,136353
3301,true,הפרש מחיר סושי סלמון,,,הפרש מחיר סושי סלמון,,0.00,,false,,0.00,0.0000,true,1,137026
3314,true,מפעל-מדבקה לסושי איש,,,מפעל-מדבקה לסושי איש,,0.00,,false,,0.00,0.0000,true,1,137240
3315,true,מפעל-מדבקה לסושי איש,,,מפעל-מדבקה לסושי איש,,0.00,,false,,0.00,0.0000,true,1,137241
3316,true,מפעל-מדבקה לסושי איש,,,מפעל-מדבקה לסושי איש,,0.00,,false,,0.00,0.0000,true,1,137242
3317,true,מפעל-מדבקה לסושי איש,,,מפעל-מדבקה לסושי איש,,0.00,,false,,0.00,0.0000,true,1,137243
3318,true,מפעל-מדבקה לסושי איש,,,מפעל-מדבקה לסושי איש,,0.00,,false,,0.00,0.0000,true,1,137244
3319,true,מפעל-מדבקה לסושי איש,,,מפעל-מדבקה לסושי איש,,0.00,,false,,0.00,0.0000,true,1,137245
3320,true,מפעל-מדבקה לסושי איש,,,מפעל-מדבקה לסושי איש,,0.00,,false,,0.00,0.0000,true,1,137246
3321,true,מפעל-מדבקה לסושי איש,,,מפעל-מדבקה לסושי איש,,0.00,,false,,0.00,0.0000,true,1,137247
3322,true,מפעל-מדבקה לסושי איש,,,מפעל-מדבקה לסושי איש,,0.00,,false,,0.00,0.0000,true,1,137248
3323,true,מפעל-מדבקה לסושי איש,,,מפעל-מדבקה לסושי איש,,0.00,,false,,0.00,0.0000,true,1,137249
3328,true,חיוב פקדון עד סוף יו,,,חיוב פקדון עד סוף יו,,0.00,,false,,0.00,0.0000,true,1,137294
3330,true,חיוב הפרש מחיר סנדוי,,,חיוב הפרש מחיר סנדוי,,0.00,,false,,0.00,0.0000,true,1,139204
3334,true,מפעל-אגוז מוסקט טחון,,,מפעל-אגוז מוסקט טחון,,0.00,,false,,2999.00,0.0000,true,1,137701
3363,true,זיכוי החברה המרכזית,,,זיכוי החברה המרכזית,,0.00,,false,,0.00,0.0000,true,1,138783
3364,true,זיכוי שקיות אשפה,,,זיכוי שקיות אשפה,,0.00,,false,,0.00,0.0000,true,1,138818
3365,true,שילוט לפלוט,,,שילוט לפלוט,,0.00,,false,,0.00,0.0000,true,1,138866
3401,true,מפעל-ניילון בגליל עו,,,מפעל-ניילון בגליל עו,,0.00,,false,,0.00,0.0000,true,1,137561
3402,true,מפעל-ניילון בגליל עו,,,מפעל-ניילון בגליל עו,,0.00,,false,,0.00,0.0000,true,1,137562
3605,true,מפעל -md10מטליות ניק,,,מפעל -md10מטליות ניק,,0.00,,false,,0.00,0.0000,true,1,135906
3606,true,מפעל -md10נוזל לחיטו,,,מפעל -md10נוזל לחיטו,,0.00,,false,,0.00,0.0000,true,1,135907
3607,true,"מפעל 26 F NL20 -ק""ג",,,"מפעל 26 F NL20 -ק""ג",,0.00,,false,,0.00,0.0000,true,1,135908
3623,true,omd-10,,,omd-10,,0.00,,false,,0.00,0.0000,true,1,136117
3624,true,מפעל-מדבקה לסושי צמח,,,מפעל-מדבקה לסושי צמח,,0.00,,false,,0.00,0.0000,true,1,137318
3625,true,מפעל-מדבקה לסושי סלמ,,,מפעל-מדבקה לסושי סלמ,,0.00,,false,,0.00,0.0000,true,1,137319
3630,true,מפעל-מדבקה לכדור בטע,,,מפעל-מדבקה לכדור בטע,,0.00,,false,,0.00,0.0000,true,1,137553
3631,true,מפעל-מדבקה לכדור בטע,,,מפעל-מדבקה לכדור בטע,,0.00,,false,,0.00,0.0000,true,1,137554
3637,true,מפעל-ויניגרט תפוז לי,,,מפעל-ויניגרט תפוז לי,,0.00,,false,,0.00,0.0000,true,1,137506
3917,true,מטריה קופיקס,,,מטריה קופיקס,,0.00,,false,,5.00,0.0000,true,1,132928
3933,true,נוזל לניקוי אסלות 1,,,נוזל לניקוי אסלות 1,,0.00,,false,,0.00,0.0000,true,1,135505
3934,true,נוזל לניקוי וחיטוי ל,,,נוזל לניקוי וחיטוי ל,,0.00,,false,,0.00,0.0000,true,1,135506
3935,true,תרסיס ניקוי והברקה נ,,,תרסיס ניקוי והברקה נ,,0.00,,false,,0.00,0.0000,true,1,135507
3938,true,400מטליות לניקוי מש,,,400מטליות לניקוי מש,,0.00,,false,,0.00,0.0000,true,1,134614
3941,true,קנקן תה,,,קנקן תה,,0.00,,false,,5.00,0.0000,true,1,131987
3943,true,400מטליות מילוי לני,,,400מטליות מילוי לני,,0.00,,false,,0.00,0.0000,true,1,134615
3944,true,"בקבוק 750 סמ""ק + התז",,,"בקבוק 750 סמ""ק + התז",,0.00,,false,,0.00,0.0000,true,1,135508
3945,true,12מטליות מיקרופיבר,,,12מטליות מיקרופיבר,,0.00,,false,,0.00,0.0000,true,1,134616
3946,true,מטלית מיקרופיבר לרצפ,,,מטלית מיקרופיבר לרצפ,,0.00,,false,,0.00,0.0000,true,1,135509
3947,true,מטלית מיקרופיבר לניק,,,מטלית מיקרופיבר לניק,,0.00,,false,,0.00,0.0000,true,1,135510
4004,true,מוס שוקולד וקצפת12 י,,,מוס שוקולד וקצפת12 י,קילוגרמים,1.00,"ק""ג",true,,0.00,0.0000,true,1,134620
4010,true,וודקה תאו XXO דאבל א,,,וודקה תאו XXO דאבל א,קילוגרמים,1.00,"ק""ג",true,,0.00,0.0000,true,1,134953
4011,true,כריות יפניות מארז12,,,כריות יפניות מארז12,קילוגרמים,1.00,"ק""ג",true,,0.00,0.0000,true,1,135515
4038,true,נוזל מרוכז לחיטוי פי,,,נוזל מרוכז לחיטוי פי,,0.00,,false,,0.00,0.0000,true,1,135520
4041,true,מקרונים 36 יח קרטון,,,מקרונים 36 יח קרטון,,0.00,,false,,0.00,0.0000,true,1,134622
4044,true,פח שובך 8 ליטר לשרות,,,פח שובך 8 ליטר לשרות,,0.00,,false,,0.00,0.0000,true,1,135521
4045,true,"מטהר אויר300 סמ""ק",,,"מטהר אויר300 סמ""ק",,0.00,,false,,0.00,0.0000,true,1,135522
4046,true,מברשת פלסטיק לשירותי,,,מברשת פלסטיק לשירותי,,0.00,,false,,0.00,0.0000,true,1,135523
4047,true,סט לשירותים מיכל+מבר,,,סט לשירותים מיכל+מבר,,0.00,,false,,0.00,0.0000,true,1,135524
4054,true,"ג""אמפ אשכוליות בקבוק",,,"ג""אמפ אשכוליות בקבוק",,0.00,,false,,5.00,0.0000,true,1,132053
4055,true,"ג""אמפ ענבים בקבוק50",,,"ג""אמפ ענבים בקבוק50",,0.00,,false,,5.00,0.0000,true,1,132054
4056,true,"ג""אמפ תה קר אפרסק בק",,,"ג""אמפ תה קר אפרסק בק",,0.00,,false,,5.00,0.0000,true,1,132055
4057,true,"ג""אמפ תה קר תפוח בקב",,,"ג""אמפ תה קר תפוח בקב",,0.00,,false,,5.00,0.0000,true,1,132056
4058,true,מים בטעם אפרסק סאן ב,,,מים בטעם אפרסק סאן ב,,0.00,,false,,5.00,0.0000,true,1,132057
4059,true,מים בטעם ענבים סאן ב,,,מים בטעם ענבים סאן ב,,0.00,,false,,5.00,0.0000,true,1,132058
4073,true,"""סים               """,,,"""סים               """,,0.00,,false,,5.00,0.0000,true,1,132302
4107,true,"מאפיינס וניל שוקוצ""י",,,"מאפיינס וניל שוקוצ""י",,0.00,,false,,0.00,0.0000,true,1,134645
4108,true,"מאפיינס שוקו שוקוצ""י",,,"מאפיינס שוקו שוקוצ""י",,0.00,,false,,0.00,0.0000,true,1,134646
4113,true,סלט פסטה קר,,,סלט פסטה קר,,0.00,,false,,5.00,0.0000,true,1,132439
4128,true,ביסקולידה,,,ביסקולידה,,0.00,,false,,5.00,0.0000,true,1,132575
4132,true,ספוג הפלא) מארז6 יחי,,,ספוג הפלא) מארז6 יחי,,0.00,,false,,0.00,0.0000,true,1,135529
4133,true,מתקן ריצפה לגליל תעש,,,מתקן ריצפה לגליל תעש,,0.00,,false,,0.00,0.0000,true,1,135530
4134,true,מתקן תליה לגליל תעשי,,,מתקן תליה לגליל תעשי,,0.00,,false,,0.00,0.0000,true,1,135531
4135,true,גליל נייר תעשייתי12,,,גליל נייר תעשייתי12,,0.00,,false,,0.00,0.0000,true,1,134650
4154,true,כפפת סיליקון,,,כפפת סיליקון,,0.00,,false,,5.00,0.0000,true,1,132668
4176,true,מאפה בוקר שוקולד,,,מאפה בוקר שוקולד,,0.00,,false,,5.00,0.0000,true,1,132776
4178,true,מאפה בוקר קינמון,,,מאפה בוקר קינמון,,0.00,,false,,5.00,0.0000,true,1,132778
4180,true,מאפה בוקר גבינה,,,מאפה בוקר גבינה,,0.00,,false,,5.00,0.0000,true,1,132780
4182,true,מאפה בוקר חמאה,,,מאפה בוקר חמאה,,0.00,,false,,5.00,0.0000,true,1,132782
4184,true,"פוקצ""ה זיתים",,,"פוקצ""ה זיתים",,0.00,,false,,5.00,0.0000,true,1,132784
4186,true,"פוקצ""ה בצל",,,"פוקצ""ה בצל",,0.00,,false,,5.00,0.0000,true,1,132786
4192,true,"פוקצ""ה עגבניות",,,"פוקצ""ה עגבניות",,0.00,,false,,5.00,0.0000,true,1,132792
4194,true,פרעצל,,,פרעצל,,0.00,,false,,5.00,0.0000,true,1,132794
4196,true,עוגה בחושה,,,עוגה בחושה,,0.00,,false,,5.00,0.0000,true,1,132796
4200,true,"בורקס תפו""א",,,"בורקס תפו""א",,0.00,,false,,5.00,0.0000,true,1,132800
4202,true,פילו תפוחים,,,פילו תפוחים,,0.00,,false,,5.00,0.0000,true,1,132802
4214,true,"פפסי קולה500 מ""ל",,,"פפסי קולה500 מ""ל",,0.00,,false,,5.00,0.0000,true,1,132880
4215,true,"פפסי מקס500 מ""ל",,,"פפסי מקס500 מ""ל",,0.00,,false,,5.00,0.0000,true,1,132881
4216,true,"מירנדה500 מ""ל",,,"מירנדה500 מ""ל",,0.00,,false,,5.00,0.0000,true,1,132882
4217,true,"סבן אפ500 מ""ל",,,"סבן אפ500 מ""ל",,0.00,,false,,5.00,0.0000,true,1,132883
4218,true,"דיאט סבן אפ500 מ""ל",,,"דיאט סבן אפ500 מ""ל",,0.00,,false,,5.00,0.0000,true,1,132884
4240,true,ארגז - E לחמניית סבי,,,ארגז - E לחמניית סבי,,0.00,,false,,0.00,0.0000,true,1,134678
4281,true,מתקן סבוניה קצף,,,מתקן סבוניה קצף,,0.00,,false,,0.00,0.0000,true,1,135539
4532,true,ניילון נצמד בודד 30,,,ניילון נצמד בודד 30,,0.00,,false,,5.00,0.0000,true,1,137927
4700,true,מארז - 12 מיץ תפוזים,,,מארז - 12 מיץ תפוזים,,0.00,,false,,0.00,0.0000,true,1,134681
4701,true,מארז - 12  מיץ לימונ,,,מארז - 12  מיץ לימונ,,0.00,,false,,0.00,0.0000,true,1,134682
4703,true,מארז - 12 מיץ גזר תפ,,,מארז - 12 מיץ גזר תפ,,0.00,,false,,0.00,0.0000,true,1,134683
4705,true,מארז - 28 שיפוד שישל,,,מארז - 28 שיפוד שישל,,0.00,,false,,0.00,0.0000,true,1,134685
4706,true,מארז - 28 שיפוד שישל,,,מארז - 28 שיפוד שישל,,0.00,,false,,0.00,0.0000,true,1,134686
4707,true,מארז- 28 לקט ירקות ק,,,מארז- 28 לקט ירקות ק,,0.00,,false,,0.00,0.0000,true,1,134687
4708,true,מארז - 28  גרעיני תי,,,מארז - 28  גרעיני תי,,0.00,,false,,0.00,0.0000,true,1,134688
4709,true,מארז - 12שוקו בקרטון,,,מארז - 12שוקו בקרטון,,0.00,,false,,0.00,0.0000,true,1,134689
4727,true,מארז - 96 לקקנים,,,מארז - 96 לקקנים,,0.00,,false,,0.00,0.0000,true,1,134690
4729,true,מארז - 12 מים מינרלי,,,מארז - 12 מים מינרלי,קילוגרמים,1.00,"ק""ג",true,,5.00,5.0000,true,1,133076
4730,true,מרינה סופר מכר,,,מרינה סופר מכר,,0.00,,false,,0.00,0.0000,true,1,135218
4731,true,מתקן מגבת צץ רץ,,,מתקן מגבת צץ רץ,,0.00,,false,,0.00,0.0000,true,1,135543
4732,true,"שני ק""ג עוגיות אלפחו",,,"שני ק""ג עוגיות אלפחו",קילוגרמים,1.00,"ק""ג",true,,0.00,0.0000,true,1,134693
4736,true,"ספגטי עגבניות20 יח """,,,"ספגטי עגבניות20 יח """,קילוגרמים,1.00,"ק""ג",true,,0.00,0.0000,true,1,134698
4737,true,"אורז קטניות20 יח ""בק",,,"אורז קטניות20 יח ""בק",קילוגרמים,1.00,"ק""ג",true,,0.00,0.0000,true,1,134699
4738,true,"תפו""א וירקות סגנון ה",,,"תפו""א וירקות סגנון ה",קילוגרמים,1.00,"ק""ג",true,,0.00,0.0000,true,1,134700
4766,true,"מארז180 יח - ""תיק שו",,,"מארז180 יח - ""תיק שו",,0.00,,false,,0.00,0.0000,true,1,134709
4767,true,"מארז120 יח - ""צידנית",,,"מארז120 יח - ""צידנית",,0.00,,false,,0.00,0.0000,true,1,134710
4779,true,מארז 1 קילו - נקניקי,,,מארז 1 קילו - נקניקי,,0.00,,false,,0.00,0.0000,true,1,135547
4780,true,מארז 36 יחידות - כפכ,,,מארז 36 יחידות - כפכ,,0.00,,false,,0.00,0.0000,true,1,134959
4783,true,מארז 12 יחידות - גרע,,,מארז 12 יחידות - גרע,,0.00,,false,,0.00,0.0000,true,1,134713
4784,true,מארז 24 יחידות - טוב,,,מארז 24 יחידות - טוב,,0.00,,false,,0.00,0.0000,true,1,134714
4785,true,מארז 12 יחידות - עוג,,,מארז 12 יחידות - עוג,,0.00,,false,,0.00,0.0000,true,1,134715
4786,true,מארז 24 יחידות - גרנ,,,מארז 24 יחידות - גרנ,,0.00,,false,,0.00,0.0000,true,1,134716
4787,true,מארז 36 יחידות - מגב,,,מארז 36 יחידות - מגב,,0.00,,false,,0.00,0.0000,true,1,134717
4788,true,מארז 12 יחידות - סוכ,,,מארז 12 יחידות - סוכ,,0.00,,false,,0.00,0.0000,true,1,134718
4789,true,מארז 20 יחידות - פסט,,,מארז 20 יחידות - פסט,,0.00,,false,,0.00,0.0000,true,1,134719
4790,true,מארז 36 יחידות - בול,,,מארז 36 יחידות - בול,,0.00,,false,,0.00,0.0000,true,1,134720
4791,true,מארז 30 יחידות - דגנ,,,מארז 30 יחידות - דגנ,,0.00,,false,,0.00,0.0000,true,1,134721
4792,true,מארז 12 יחידות -פרינ,,,מארז 12 יחידות -פרינ,,0.00,,false,,0.00,0.0000,true,1,134722
4796,true,מארז 10 יחידות בקרטו,,,מארז 10 יחידות בקרטו,,0.00,,false,,0.00,0.0000,true,1,134723
4828,true,עוגת דבש,,,עוגת דבש,,0.00,,false,,5.00,0.0000,true,1,133324
4832,true,מארז 100 יחידות - קי,,,מארז 100 יחידות - קי,,0.00,,false,,0.00,0.0000,true,1,134727
4840,true,ערכת פתיחה לזכיין מת,,,ערכת פתיחה לזכיין מת,,0.00,,false,,0.00,0.0000,true,1,136420
4845,true,קרטוניות לסחלב שוקול,,,קרטוניות לסחלב שוקול,,0.00,,false,,0.00,0.0000,true,1,139079
5564,true,50סכינים קשיח,,,50סכינים קשיח,,0.00,,false,,0.00,0.0000,true,1,136495
5656,true,"חיוב תפוצ""יפס מחודש",,,"חיוב תפוצ""יפס מחודש",,0.00,,false,,0.00,0.0000,true,1,140147
6247,true,מפעל-אריזה למגשי איר,,,מפעל-אריזה למגשי איר,,0.00,,false,,0.00,0.0000,true,1,137512
9999,true,כרטיס נטען,,,כרטיס נטען,,0.00,,false,,0.00,0.0000,true,1,135694
10009,true,עוגת דבש 250 גרם - ה,,,עוגת דבש 250 גרם - ה,,0.00,,false,,6.00,0.0000,true,1,137469
10010,true,מפעל -מעורב ביצים10,,,מפעל -מעורב ביצים10,,0.00,,false,,2999.90,0.0000,true,1,136970
10541,true,מוצארט בינוני,,,מוצארט בינוני,קילוגרמים,1.00,"ק""ג",true,,12.00,12.0000,true,1,140151
11059,true,מפעל-אבקת וואסבי,,,מפעל-אבקת וואסבי,,0.00,,false,,0.00,0.0000,true,1,136287
13690,true,כפפות ניטריל מידה M,,,כפפות ניטריל מידה M,,0.00,,false,,0.00,0.0000,true,1,137557
15008,true,מפעל-רוטב יאמאסה פרי,,,מפעל-רוטב יאמאסה פרי,,0.00,,false,,0.00,0.0000,true,1,136381
15042,true,"מפעל-רוטב סויה 15 ג""",,,"מפעל-רוטב סויה 15 ג""",,0.00,,false,,0.00,0.0000,true,1,136288
16062,true,מפעל-חומץ אורז מיצוק,,,מפעל-חומץ אורז מיצוק,,0.00,,false,,0.00,0.0000,true,1,136025
18019,true,"מפעל-ג""ינג""ר כבוש לב",,,"מפעל-ג""ינג""ר כבוש לב",,0.00,,false,,0.00,0.0000,true,1,136289
18023,true,מפעל-קנפיו רצועות דל,,,מפעל-קנפיו רצועות דל,,0.00,,false,,0.00,0.0000,true,1,136290
20005,true,פאי אישי קטן אמריקן,,,פאי אישי קטן אמריקן,קילוגרמים,1.00,"ק""ג",true,,12.00,12.0000,true,1,140152
20205,true,פאי אישי קטן שוקולד,,,פאי אישי קטן שוקולד,קילוגרמים,1.00,"ק""ג",true,,12.00,12.0000,true,1,140153
35893,true,ממתק חמוץ ומסוכר בטע,,,ממתק חמוץ ומסוכר בטע,,0.00,,false,,5.00,0.0000,true,1,134975
36122,true,פשטידת בטטה אישית,,,פשטידת בטטה אישית,קילוגרמים,1.00,"ק""ג",true,,12.00,12.0000,true,1,140159
36322,true,פשטידת בצל אישית,,,פשטידת בצל אישית,קילוגרמים,1.00,"ק""ג",true,,12.00,12.0000,true,1,140160
44857,true,וופל רול בפח בטעם שו,,,וופל רול בפח בטעם שו,,0.00,,false,,5.00,0.0000,true,1,137025
44859,true,עוגיות בקופסא בטעם ח,,,עוגיות בקופסא בטעם ח,,0.00,,false,,5.00,0.0000,true,1,136749
50010,true,מפעל-ביצה קשה יד אור,,,מפעל-ביצה קשה יד אור,,0.00,,false,,2999.90,0.0000,true,1,135436
50011,true,מפעל-חלבון ביצים מבו,,,מפעל-חלבון ביצים מבו,,0.00,,false,,2999.90,0.0000,true,1,136456
50012,true,מפעל-חלמון ביצים מבו,,,מפעל-חלמון ביצים מבו,,0.00,,false,,2999.90,0.0000,true,1,136457
50301,true,קוראסון שוקולד לא אפ,,,קוראסון שוקולד לא אפ,,0.00,,false,,0.00,0.0000,true,1,137462
50302,true,גביניות  לא אפוי - ר,,,גביניות  לא אפוי - ר,,0.00,,false,,0.00,0.0000,true,1,137463
50303,true,קוראסון ריק לא אפוי,,,קוראסון ריק לא אפוי,,0.00,,false,,0.00,0.0000,true,1,137464
50304,true,בורקס גבינה לא אפוי,,,בורקס גבינה לא אפוי,,0.00,,false,,0.00,0.0000,true,1,137465
50305,true,"בורקס תפו""א לא אפוי",,,"בורקס תפו""א לא אפוי",,0.00,,false,,0.00,0.0000,true,1,137466
56464,true,מפעל-בייגל טוסט,,,מפעל-בייגל טוסט,,0.00,,false,,2999.90,0.0000,true,1,138551
57453,true,"מפעל -עמק חריץ בד""ץ",,,"מפעל -עמק חריץ בד""ץ",קילוגרמים,1.00,"ק""ג",true,,2999.90,2999.9000,true,1,136087
75075,true,קדירת מרק 10 ליטר,,,קדירת מרק 10 ליטר,,0.00,,false,,0.00,0.0000,true,1,134909
76777,true,רדיד אלומיניום7.5*3,,,רדיד אלומיניום7.5*3,,0.00,,false,,0.00,0.0000,true,1,135007
81014,true,חלב שקית + 3% ארגז פ,,,חלב שקית + 3% ארגז פ,קילוגרמים,1.00,"ק""ג",true,,2999.00,2999.0000,true,1,140149
100100,true,מפעל-תבור למהדרין מג,,,מפעל-תבור למהדרין מג,,0.00,,false,,2999.90,0.0000,true,1,136300
100610,true,מפעל-גבינה בולגרית ל,,,מפעל-גבינה בולגרית ל,,0.00,,false,,2999.90,0.0000,true,1,135379
100633,true,מפעל-לה פטה שש-בש 4,,,מפעל-לה פטה שש-בש 4,,0.00,,false,,2999.90,0.0000,true,1,135423
123456,true,קופון טסט,,,קופון טסט,,0.00,,false,,0.01,0.0000,true,1,132220
128901,true,מפעל טרמיסו,,,מפעל טרמיסו,,0.00,,false,,12.00,0.0000,true,1,138477
128902,true,מפעל- בוואריה פרווה,,,מפעל- בוואריה פרווה,,0.00,,false,,5.00,0.0000,true,1,138478
128979,true,מפעל-קוסקוס בינוני,,,מפעל-קוסקוס בינוני,,0.00,,false,,2999.90,0.0000,true,1,137834
131700,true,מפעל - נייר טואלט לי,,,מפעל - נייר טואלט לי,,0.00,,false,,0.00,0.0000,true,1,138529
150004,true,"מפעל-סוכר סוגת בד""ץ",,,"מפעל-סוכר סוגת בד""ץ",,0.00,,false,,2999.00,0.0000,true,1,135745
150207,true,"מפעל-מלח עבה 1 ק""ג ב",,,"מפעל-מלח עבה 1 ק""ג ב",,0.00,,false,,0.00,0.0000,true,1,135913
150209,true,מפעל-מלח דק עתלית בד,,,מפעל-מלח דק עתלית בד,,0.00,,false,,0.00,0.0000,true,1,135746
180107,true,מפעל -חמוציות בתפזור,,,מפעל -חמוציות בתפזור,קילוגרמים,1.00,"ק""ג",true,,2999.90,2999.9000,true,1,135775
206010,true,גבינה פירורים בינוני,,,גבינה פירורים בינוני,קילוגרמים,1.00,"ק""ג",true,,12.00,12.0000,true,1,140154
230113,true,מפעל-בורגול 5 קילו ב,,,מפעל-בורגול 5 קילו ב,,0.00,,false,,0.00,0.0000,true,1,135776
230136,true,מפעל-עדשים שחורות 5,,,מפעל-עדשים שחורות 5,,0.00,,false,,2999.00,0.0000,true,1,136308
302027,true,פאקט-טיים רד,,,פאקט-טיים רד,,0.00,,false,,0.00,0.0000,true,1,135833
302041,true,פאקט-טיים 100 רד,,,פאקט-טיים 100 רד,,0.00,,false,,0.00,0.0000,true,1,138612
303795,true,פרגית אמיתית 16 יח,,,פרגית אמיתית 16 יח,קילוגרמים,1.00,"ק""ג",true,,0.00,0.0000,true,1,138287
303825,true,זוג פרגית במגש 8 יח,,,זוג פרגית במגש 8 יח,קילוגרמים,1.00,"ק""ג",true,,0.00,0.0000,true,1,138288
303832,true,פרגית אמיתית 16 יח ת,,,פרגית אמיתית 16 יח ת,קילוגרמים,1.00,"ק""ג",true,,0.00,0.0000,true,1,138289
303863,true,עוף של פעם,,,עוף של פעם,קילוגרמים,1.00,"ק""ג",true,,0.00,0.0000,true,1,138422
303870,true,כרעיים של פעם,,,כרעיים של פעם,קילוגרמים,1.00,"ק""ג",true,,0.00,0.0000,true,1,138423
303887,true,חזה של פעם,,,חזה של פעם,קילוגרמים,1.00,"ק""ג",true,,0.00,0.0000,true,1,138424
303894,true,פילה של פעם,,,פילה של פעם,קילוגרמים,1.00,"ק""ג",true,,0.00,0.0000,true,1,138425
303900,true,כנפיים של פעם,,,כנפיים של פעם,קילוגרמים,1.00,"ק""ג",true,,0.00,0.0000,true,1,138426
303917,true,כבד של פעם,,,כבד של פעם,קילוגרמים,1.00,"ק""ג",true,,0.00,0.0000,true,1,138427
305988,true,"גביע ליוגורט 200 מ""ל",,,"גביע ליוגורט 200 מ""ל",,0.00,,false,,0.00,0.0000,true,1,139430
305989,true,"גביע ליוגורט 240 מ""ל",,,"גביע ליוגורט 240 מ""ל",,0.00,,false,,0.00,0.0000,true,1,139086
330113,true,"מפעל-מרק ט .עוף 1 ק""",,,"מפעל-מרק ט .עוף 1 ק""",,0.00,,false,,0.00,0.0000,true,1,135968
350108,true,"מפעל-פלפל שטה -צ""ילי",,,"מפעל-פלפל שטה -צ""ילי",,0.00,,false,,0.00,0.0000,true,1,136121
350111,true,מפעל-פפריקה מתוקה 1,,,מפעל-פפריקה מתוקה 1,,0.00,,false,,0.00,0.0000,true,1,135917
350127,true,"מפעל-רוזמרין 1 ק""ג ג",,,"מפעל-רוזמרין 1 ק""ג ג",,0.00,,false,,0.00,0.0000,true,1,135969
350175,true,"מפעל-מלח לימון ק""ג ג",,,"מפעל-מלח לימון ק""ג ג",,0.00,,false,,0.00,0.0000,true,1,135918
350199,true,מפעל-אורגנו,,,מפעל-אורגנו,,0.00,,false,,0.00,0.0000,true,1,135919
360120,true,מפעל-פלפל שחור טחון,,,מפעל-פלפל שחור טחון,,0.00,,false,,0.00,0.0000,true,1,136516
360122,true,מפעל-פפריקה חריפה 1,,,מפעל-פפריקה חריפה 1,,0.00,,false,,0.00,0.0000,true,1,135920
370001,true,מפעל-פפריקה מתוקה מע,,,מפעל-פפריקה מתוקה מע,,0.00,,false,,0.00,0.0000,true,1,137414
370003,true,מפעל-פלפל שטה גרוסה,,,מפעל-פלפל שטה גרוסה,,0.00,,false,,0.00,0.0000,true,1,137415
370006,true,מפעל-פלפל שחור גרוס,,,מפעל-פלפל שחור גרוס,,0.00,,false,,0.00,0.0000,true,1,137698
370008,true,מפעל-פלפל שחור טחון,,,מפעל-פלפל שחור טחון,,0.00,,false,,0.00,0.0000,true,1,137416
379593,true,מפעל-מונדלך גדול שמי,,,מפעל-מונדלך גדול שמי,,0.00,,false,,2999.90,0.0000,true,1,136988
400001,true,עוף שלם,,,עוף שלם,קילוגרמים,1.00,"ק""ג",true,,0.00,0.0000,true,1,137955
400002,true,עוף מפורק,,,עוף מפורק,קילוגרמים,1.00,"ק""ג",true,,0.00,0.0000,true,1,137956
400003,true,כרעיים עוף,,,כרעיים עוף,קילוגרמים,1.00,"ק""ג",true,,0.00,0.0000,true,1,137957
400004,true,שוקיים עוף,,,שוקיים עוף,קילוגרמים,1.00,"ק""ג",true,,0.00,0.0000,true,1,137958
400005,true,ירכיים עוף,,,ירכיים עוף,קילוגרמים,1.00,"ק""ג",true,,0.00,0.0000,true,1,137959
400006,true,כנפיים עוף,,,כנפיים עוף,קילוגרמים,1.00,"ק""ג",true,,0.00,0.0000,true,1,137960
400009,true,שניצל עוף פרוס מובחר,,,שניצל עוף פרוס מובחר,קילוגרמים,1.00,"ק""ג",true,,0.00,0.0000,true,1,137961
400010,true,פרגיות עוף,,,פרגיות עוף,קילוגרמים,1.00,"ק""ג",true,,0.00,0.0000,true,1,137962
400011,true,שיפודי פרגיות,,,שיפודי פרגיות,קילוגרמים,1.00,"ק""ג",true,,0.00,0.0000,true,1,137963
400013,true,עופיון,,,עופיון,קילוגרמים,1.00,"ק""ג",true,,0.00,0.0000,true,1,137964
400014,true,כבד עוף,,,כבד עוף,קילוגרמים,1.00,"ק""ג",true,,0.00,0.0000,true,1,137965
400015,true,לבבות עוף,,,לבבות עוף,קילוגרמים,1.00,"ק""ג",true,,0.00,0.0000,true,1,137966
400017,true,טחון עוף,,,טחון עוף,קילוגרמים,1.00,"ק""ג",true,,0.00,0.0000,true,1,137967
400018,true,פילה עוף,,,פילה עוף,קילוגרמים,1.00,"ק""ג",true,,0.00,0.0000,true,1,137968
400021,true,שיפודי לבבות,,,שיפודי לבבות,קילוגרמים,1.00,"ק""ג",true,,0.00,0.0000,true,1,137969
400024,true,כרעיים בלי עור,,,כרעיים בלי עור,קילוגרמים,1.00,"ק""ג",true,,0.00,0.0000,true,1,137970
400028,true,עוף ללא עצמות,,,עוף ללא עצמות,קילוגרמים,1.00,"ק""ג",true,,0.00,0.0000,true,1,137971
400102,true,רצועות עוף,,,רצועות עוף,קילוגרמים,1.00,"ק""ג",true,,0.00,0.0000,true,1,137972
400103,true,כנפיים הודו,,,כנפיים הודו,קילוגרמים,1.00,"ק""ג",true,,0.00,0.0000,true,1,137973
400104,true,גרון הודו,,,גרון הודו,קילוגרמים,1.00,"ק""ג",true,,0.00,0.0000,true,1,137974
400106,true,רצועות שווארמה נקבה,,,רצועות שווארמה נקבה,קילוגרמים,1.00,"ק""ג",true,,0.00,0.0000,true,1,137975
400107,true,שיפודי שווארמה נקבה,,,שיפודי שווארמה נקבה,קילוגרמים,1.00,"ק""ג",true,,0.00,0.0000,true,1,137976
400108,true,שווארמה הודו נקבה,,,שווארמה הודו נקבה,קילוגרמים,1.00,"ק""ג",true,,0.00,0.0000,true,1,137977
400109,true,וויסבראטן,,,וויסבראטן,קילוגרמים,1.00,"ק""ג",true,,0.00,0.0000,true,1,137978
400111,true,אווזית,,,אווזית,קילוגרמים,1.00,"ק""ג",true,,0.00,0.0000,true,1,137979
400112,true,"צ""אך",,,"צ""אך",קילוגרמים,1.00,"ק""ג",true,,0.00,0.0000,true,1,137980
400115,true,כרעיים ללא עצם,,,כרעיים ללא עצם,קילוגרמים,1.00,"ק""ג",true,,0.00,0.0000,true,1,137981
400117,true,נקניקיות מרגז,,,נקניקיות מרגז,קילוגרמים,1.00,"ק""ג",true,,0.00,0.0000,true,1,137982
400118,true,קבב טרי,,,קבב טרי,קילוגרמים,1.00,"ק""ג",true,,0.00,0.0000,true,1,137983
400121,true,חזה הודו,,,חזה הודו,קילוגרמים,1.00,"ק""ג",true,,0.00,0.0000,true,1,137984
400209,true,אסאדו \שפונדרה עגל,,,אסאדו \שפונדרה עגל,קילוגרמים,1.00,"ק""ג",true,,0.00,0.0000,true,1,137985
400213,true,מעורב ירושלמי,,,מעורב ירושלמי,קילוגרמים,1.00,"ק""ג",true,,0.00,0.0000,true,1,137986
400222,true,אנטריקוט עם עצם טרי,,,אנטריקוט עם עצם טרי,קילוגרמים,1.00,"ק""ג",true,,0.00,0.0000,true,1,137987
400226,true,המבורגר טרי,,,המבורגר טרי,קילוגרמים,1.00,"ק""ג",true,,0.00,0.0000,true,1,137988
400227,true,בשר ראש עגל,,,בשר ראש עגל,קילוגרמים,1.00,"ק""ג",true,,0.00,0.0000,true,1,137989
400228,true,שפונדרה,,,שפונדרה,קילוגרמים,1.00,"ק""ג",true,,0.00,0.0000,true,1,137990
400236,true,שייטל,,,שייטל,קילוגרמים,1.00,"ק""ג",true,,0.00,0.0000,true,1,137991
400237,true,כתף מניון,,,כתף מניון,קילוגרמים,1.00,"ק""ג",true,,0.00,0.0000,true,1,137992
400301,true,אנטריקוט טרי,,,אנטריקוט טרי,קילוגרמים,1.00,"ק""ג",true,,0.00,0.0000,true,1,137993
400302,true,צלעות בקר טרי,,,צלעות בקר טרי,קילוגרמים,1.00,"ק""ג",true,,0.00,0.0000,true,1,137994
400305,true,צלי כתף טרי,,,צלי כתף טרי,קילוגרמים,1.00,"ק""ג",true,,0.00,0.0000,true,1,137995
400306,true,פילה מדומה טרי,,,פילה מדומה טרי,קילוגרמים,1.00,"ק""ג",true,,0.00,0.0000,true,1,137996
400309,true,סינטה טרי,,,סינטה טרי,קילוגרמים,1.00,"ק""ג",true,,0.00,0.0000,true,1,137997
400310,true,פילה בקר טרי,,,פילה בקר טרי,קילוגרמים,1.00,"ק""ג",true,,0.00,0.0000,true,1,137998
400313,true,אסאדו,,,אסאדו,קילוגרמים,1.00,"ק""ג",true,,0.00,0.0000,true,1,137999
400326,true,טחון טרי,,,טחון טרי,קילוגרמים,1.00,"ק""ג",true,,0.00,0.0000,true,1,138000
400401,true,כתף טלה,,,כתף טלה,קילוגרמים,1.00,"ק""ג",true,,0.00,0.0000,true,1,138001
400406,true,לשון בקר טרי,,,לשון בקר טרי,קילוגרמים,1.00,"ק""ג",true,,0.00,0.0000,true,1,138002
400411,true,בשר ראש בקר טרי,,,בשר ראש בקר טרי,קילוגרמים,1.00,"ק""ג",true,,0.00,0.0000,true,1,138003
400412,true,עצמות מוח,,,עצמות מוח,קילוגרמים,1.00,"ק""ג",true,,0.00,0.0000,true,1,138934
400413,true,שריר בשר,,,שריר בשר,קילוגרמים,1.00,"ק""ג",true,,0.00,0.0000,true,1,138935
400414,true,אוסובוקו,,,אוסובוקו,קילוגרמים,1.00,"ק""ג",true,,0.00,0.0000,true,1,138936
400415,true,צלי כתף,,,צלי כתף,קילוגרמים,1.00,"ק""ג",true,,0.00,0.0000,true,1,138937
400416,true,צוואר טלה טרי,,,צוואר טלה טרי,קילוגרמים,1.00,"ק""ג",true,,0.00,0.0000,true,1,139181
400417,true,צלעות טלה טרי,,,צלעות טלה טרי,קילוגרמים,1.00,"ק""ג",true,,0.00,0.0000,true,1,139182
400418,true,חזה טלה טרי,,,חזה טלה טרי,קילוגרמים,1.00,"ק""ג",true,,0.00,0.0000,true,1,139183
410008,true,חזה עוף,,,חזה עוף,קילוגרמים,1.00,"ק""ג",true,,0.00,0.0000,true,1,138004
500122,true,מפעל-רצועות עוף 10 ק,,,מפעל-רצועות עוף 10 ק,קילוגרמים,1.00,"ק""ג",true,,0.00,0.0000,true,1,137699
540735,true,מארס 51 גרם,,,מארס 51 גרם,,0.00,,false,,5.00,0.0000,true,1,135359
542041,true,מפעל-לחמנייה כפרי אר,,,מפעל-לחמנייה כפרי אר,,0.00,,false,,2999.90,0.0000,true,1,136989
542180,true,טוויקס 50 גרם,,,טוויקס 50 גרם,,0.00,,false,,5.00,0.0000,true,1,137660
542379,true,מפעל-מיני כפרית,,,מפעל-מיני כפרית,,0.00,,false,,0.70,0.0000,true,1,137479
544443,true,טוויקס 50 גרם,,,טוויקס 50 גרם,,0.00,,false,,5.00,0.0000,true,1,135360
548212,true,מארס 51 גרם,,,מארס 51 גרם,,0.00,,false,,5.00,0.0000,true,1,137661
605018,true,מפעל-מזרה סוכריות,,,מפעל-מזרה סוכריות,,0.00,,false,,0.00,0.0000,true,1,136919
605031,true,מפעל-מזרה בטעם שוקול,,,מפעל-מזרה בטעם שוקול,,0.00,,false,,2999.00,0.0000,true,1,137397
608466,true,מפעל-תערובת כדורים ב,,,מפעל-תערובת כדורים ב,,0.00,,false,,0.00,0.0000,true,1,136993
609003,true,מפעל-אבקת סוכר שק ני,,,מפעל-אבקת סוכר שק ני,,0.00,,false,,0.00,0.0000,true,1,137565
609058,true,מפעל-אבקת קקאו20/22,,,מפעל-אבקת קקאו20/22,,0.00,,false,,0.00,0.0000,true,1,137566
611068,true,שניצל פטם דק דק,,,שניצל פטם דק דק,קילוגרמים,1.00,"ק""ג",true,,0.00,0.0000,true,1,138290
611082,true,עוף שלם ללא עצם טרי,,,עוף שלם ללא עצם טרי,קילוגרמים,1.00,"ק""ג",true,,0.00,0.0000,true,1,138291
611099,true,כבד טרי,,,כבד טרי,קילוגרמים,1.00,"ק""ג",true,,0.00,0.0000,true,1,138292
611118,true,מפעל-בוטנים גרוסים ד,,,מפעל-בוטנים גרוסים ד,,0.00,,false,,0.00,0.0000,true,1,136920
611129,true,ירכיים טרי,,,ירכיים טרי,קילוגרמים,1.00,"ק""ג",true,,0.00,0.0000,true,1,138293
611143,true,טחול טרי,,,טחול טרי,קילוגרמים,1.00,"ק""ג",true,,0.00,0.0000,true,1,138294
611150,true,לב טרי,,,לב טרי,קילוגרמים,1.00,"ק""ג",true,,0.00,0.0000,true,1,138295
611167,true,נתחי חזה פטם תפז,,,נתחי חזה פטם תפז,קילוגרמים,1.00,"ק""ג",true,,0.00,0.0000,true,1,138296
611181,true,כנפיים טרי,,,כנפיים טרי,קילוגרמים,1.00,"ק""ג",true,,0.00,0.0000,true,1,138297
611204,true,שניצל דק דק,,,שניצל דק דק,קילוגרמים,1.00,"ק""ג",true,,0.00,0.0000,true,1,138298
611228,true,פילה טרי,,,פילה טרי,קילוגרמים,1.00,"ק""ג",true,,0.00,0.0000,true,1,138299
611242,true,פילה עוף טרי,,,פילה עוף טרי,קילוגרמים,1.00,"ק""ג",true,,0.00,0.0000,true,1,138300
611259,true,חזה חצוי,,,חזה חצוי,קילוגרמים,1.00,"ק""ג",true,,0.00,0.0000,true,1,138301
611273,true,פ  -4תפזורת טרי,,,פ  -4תפזורת טרי,קילוגרמים,1.00,"ק""ג",true,,0.00,0.0000,true,1,138428
611280,true,פטם טרי,,,פטם טרי,קילוגרמים,1.00,"ק""ג",true,,0.00,0.0000,true,1,138302
611327,true,נתח פרגית טרי,,,נתח פרגית טרי,קילוגרמים,1.00,"ק""ג",true,,0.00,0.0000,true,1,138303
611334,true,סטייק פרגית ב.ע    .,,,סטייק פרגית ב.ע    .,קילוגרמים,1.00,"ק""ג",true,,0.00,0.0000,true,1,138304
611389,true,כנפית פטם,,,כנפית פטם,קילוגרמים,1.00,"ק""ג",true,,0.00,0.0000,true,1,138305
611396,true,סטייק פרגית ע.ע    .,,,סטייק פרגית ע.ע    .,קילוגרמים,1.00,"ק""ג",true,,0.00,0.0000,true,1,138306
611402,true,עוף צעיר טרי,,,עוף צעיר טרי,קילוגרמים,1.00,"ק""ג",true,,0.00,0.0000,true,1,138307
611419,true,קורקבן טרי,,,קורקבן טרי,קילוגרמים,1.00,"ק""ג",true,,0.00,0.0000,true,1,138308
611440,true,"שניצל 150 גר       """,,,"שניצל 150 גר       """,קילוגרמים,1.00,"ק""ג",true,,0.00,0.0000,true,1,138309
611471,true,"שוקיים טרי תפז     """,,,"שוקיים טרי תפז     """,קילוגרמים,1.00,"ק""ג",true,,0.00,0.0000,true,1,138310
611518,true,כרעיים טרי,,,כרעיים טרי,קילוגרמים,1.00,"ק""ג",true,,0.00,0.0000,true,1,138311
611563,true,קוקטייל טרי,,,קוקטייל טרי,קילוגרמים,1.00,"ק""ג",true,,0.00,0.0000,true,1,138312
611600,true,פ -4גדול,,,פ -4גדול,קילוגרמים,1.00,"ק""ג",true,,0.00,0.0000,true,1,138313
611624,true,"פ -4מס           2 """,,,"פ -4מס           2 """,קילוגרמים,1.00,"ק""ג",true,,0.00,0.0000,true,1,138314
611716,true,שווארמה) פרגית     (,,,שווארמה) פרגית     (,קילוגרמים,1.00,"ק""ג",true,,0.00,0.0000,true,1,138315
611808,true,כרעיים טרי טנא,,,כרעיים טרי טנא,קילוגרמים,1.00,"ק""ג",true,,0.00,0.0000,true,1,138316
611839,true,שוקיים טרי,,,שוקיים טרי,קילוגרמים,1.00,"ק""ג",true,,0.00,0.0000,true,1,138317
611846,true,כרעיים טרי,,,כרעיים טרי,קילוגרמים,1.00,"ק""ג",true,,0.00,0.0000,true,1,138318
611853,true,כנפיים טרי,,,כנפיים טרי,קילוגרמים,1.00,"ק""ג",true,,0.00,0.0000,true,1,138319
611860,true,חזה טרי,,,חזה טרי,קילוגרמים,1.00,"ק""ג",true,,0.00,0.0000,true,1,138320
611877,true,ירכיים טרי,,,ירכיים טרי,קילוגרמים,1.00,"ק""ג",true,,0.00,0.0000,true,1,138321
611884,true,כבד טרי,,,כבד טרי,קילוגרמים,1.00,"ק""ג",true,,0.00,0.0000,true,1,138322
611891,true,לבבות טרי,,,לבבות טרי,קילוגרמים,1.00,"ק""ג",true,,0.00,0.0000,true,1,138323
611938,true,טחול טרי,,,טחול טרי,קילוגרמים,1.00,"ק""ג",true,,0.00,0.0000,true,1,138324
611945,true,קורקבן טרי,,,קורקבן טרי,קילוגרמים,1.00,"ק""ג",true,,0.00,0.0000,true,1,138325
611952,true,כרעיים טרי       250,,,כרעיים טרי       250,קילוגרמים,1.00,"ק""ג",true,,0.00,0.0000,true,1,138326
611969,true,כרעיים טרי      300,,,כרעיים טרי      300,קילוגרמים,1.00,"ק""ג",true,,0.00,0.0000,true,1,138327
611983,true,שניצל פרוס,,,שניצל פרוס,קילוגרמים,1.00,"ק""ג",true,,0.00,0.0000,true,1,138328
611990,true,שוארמה טרי,,,שוארמה טרי,קילוגרמים,1.00,"ק""ג",true,,0.00,0.0000,true,1,138329
612069,true,כרעיים ללא עצם גב,,,כרעיים ללא עצם גב,קילוגרמים,1.00,"ק""ג",true,,0.00,0.0000,true,1,138330
612102,true,ירך פטם ב.ע.ג      .,,,ירך פטם ב.ע.ג      .,קילוגרמים,1.00,"ק""ג",true,,0.00,0.0000,true,1,138331
612126,true,כנף חצויה,,,כנף חצויה,קילוגרמים,1.00,"ק""ג",true,,0.00,0.0000,true,1,138332
612149,true,כנף הודו מפורק,,,כנף הודו מפורק,קילוגרמים,1.00,"ק""ג",true,,0.00,0.0000,true,1,138333
612157,true,סטייק פרגיות ארוז,,,סטייק פרגיות ארוז,קילוגרמים,1.00,"ק""ג",true,,0.00,0.0000,true,1,138334
612164,true,חזה הודו נקבה טרי תפ,,,חזה הודו נקבה טרי תפ,קילוגרמים,1.00,"ק""ג",true,,0.00,0.0000,true,1,138409
612171,true,שווארמה הודו נקבה,,,שווארמה הודו נקבה,קילוגרמים,1.00,"ק""ג",true,,0.00,0.0000,true,1,138335
612195,true,הודו שלם נקבה,,,הודו שלם נקבה,קילוגרמים,1.00,"ק""ג",true,,0.00,0.0000,true,1,138336
612201,true,כבד טרי,,,כבד טרי,קילוגרמים,1.00,"ק""ג",true,,0.00,0.0000,true,1,138337
612218,true,קורקבן טרי,,,קורקבן טרי,קילוגרמים,1.00,"ק""ג",true,,0.00,0.0000,true,1,138338
612225,true,לב טרי,,,לב טרי,קילוגרמים,1.00,"ק""ג",true,,0.00,0.0000,true,1,138339
612232,true,אשכים,,,אשכים,קילוגרמים,1.00,"ק""ג",true,,0.00,0.0000,true,1,138340
612249,true,פרפר זכר טרי,,,פרפר זכר טרי,קילוגרמים,1.00,"ק""ג",true,,0.00,0.0000,true,1,138341
612263,true,פרפר נקבה טרי,,,פרפר נקבה טרי,קילוגרמים,1.00,"ק""ג",true,,0.00,0.0000,true,1,138342
612270,true,"חזה פרפר ע""ע זכר",,,"חזה פרפר ע""ע זכר",קילוגרמים,1.00,"ק""ג",true,,0.00,0.0000,true,1,138343
612287,true,"חזה פרפר ע""ע נקבה",,,"חזה פרפר ע""ע נקבה",קילוגרמים,1.00,"ק""ג",true,,0.00,0.0000,true,1,138344
612300,true,שוק הודו פלסטון קטן,,,שוק הודו פלסטון קטן,קילוגרמים,1.00,"ק""ג",true,,0.00,0.0000,true,1,138453
612324,true,חזה זכר חצוי ע.ע,,,חזה זכר חצוי ע.ע,קילוגרמים,1.00,"ק""ג",true,,0.00,0.0000,true,1,138345
612331,true,נתחים,,,נתחים,קילוגרמים,1.00,"ק""ג",true,,0.00,0.0000,true,1,138346
612348,true,שוק זכר טרי,,,שוק זכר טרי,קילוגרמים,1.00,"ק""ג",true,,0.00,0.0000,true,1,138347
612355,true,שוק נקבה טרי,,,שוק נקבה טרי,קילוגרמים,1.00,"ק""ג",true,,0.00,0.0000,true,1,138348
612362,true,חזה זכר חצוי ללא פיל,,,חזה זכר חצוי ללא פיל,קילוגרמים,1.00,"ק""ג",true,,0.00,0.0000,true,1,138349
612379,true,פילה הודו,,,פילה הודו,קילוגרמים,1.00,"ק""ג",true,,0.00,0.0000,true,1,138350
612386,true,שווארמה נקבה טרי,,,שווארמה נקבה טרי,קילוגרמים,1.00,"ק""ג",true,,0.00,0.0000,true,1,138351
612393,true,שווארמה זכר טרי,,,שווארמה זכר טרי,קילוגרמים,1.00,"ק""ג",true,,0.00,0.0000,true,1,138352
612409,true,שישליק טרי,,,שישליק טרי,קילוגרמים,1.00,"ק""ג",true,,0.00,0.0000,true,1,138353
612416,true,שוק מפורק,,,שוק מפורק,קילוגרמים,1.00,"ק""ג",true,,0.00,0.0000,true,1,138354
612430,true,חתיכות,,,חתיכות,קילוגרמים,1.00,"ק""ג",true,,0.00,0.0000,true,1,138355
612447,true,כנף זכר טרי,,,כנף זכר טרי,קילוגרמים,1.00,"ק""ג",true,,0.00,0.0000,true,1,138356
612454,true,שוק מפורק פרוס,,,שוק מפורק פרוס,קילוגרמים,1.00,"ק""ג",true,,0.00,0.0000,true,1,138357
612461,true,כנף נקבה טרי,,,כנף נקבה טרי,קילוגרמים,1.00,"ק""ג",true,,0.00,0.0000,true,1,138358
612508,true,חזה נקבה חצוי טרי,,,חזה נקבה חצוי טרי,קילוגרמים,1.00,"ק""ג",true,,0.00,0.0000,true,1,138359
612539,true,חזה זכר חצוי טרי,,,חזה זכר חצוי טרי,קילוגרמים,1.00,"ק""ג",true,,0.00,0.0000,true,1,138360
612577,true,גרון זכר,,,גרון זכר,קילוגרמים,1.00,"ק""ג",true,,0.00,0.0000,true,1,138361
612584,true,גרון נקבה,,,גרון נקבה,קילוגרמים,1.00,"ק""ג",true,,0.00,0.0000,true,1,138362
612591,true,גרון עוף,,,גרון עוף,קילוגרמים,1.00,"ק""ג",true,,0.00,0.0000,true,1,138363
612607,true,זנבות עם עצם,,,זנבות עם עצם,קילוגרמים,1.00,"ק""ג",true,,0.00,0.0000,true,1,138364
612614,true,טחול,,,טחול,קילוגרמים,1.00,"ק""ג",true,,0.00,0.0000,true,1,138365
612652,true,"ירך זכר ע""ע",,,"ירך זכר ע""ע",קילוגרמים,1.00,"ק""ג",true,,0.00,0.0000,true,1,138366
612867,true,שווארמה ה.נ.טרי,,,שווארמה ה.נ.טרי,קילוגרמים,1.00,"ק""ג",true,,0.00,0.0000,true,1,138367
612874,true,שישליק טרי,,,שישליק טרי,קילוגרמים,1.00,"ק""ג",true,,0.00,0.0000,true,1,138368
612881,true,שוק ה.נ טרי,,,שוק ה.נ טרי,קילוגרמים,1.00,"ק""ג",true,,0.00,0.0000,true,1,138369
612898,true,נתחי הודו טרי,,,נתחי הודו טרי,קילוגרמים,1.00,"ק""ג",true,,0.00,0.0000,true,1,138370
612904,true,חזה ה.נ.טרי,,,חזה ה.נ.טרי,קילוגרמים,1.00,"ק""ג",true,,0.00,0.0000,true,1,138371
612911,true,בשר אדום טרי,,,בשר אדום טרי,קילוגרמים,1.00,"ק""ג",true,,0.00,0.0000,true,1,138372
612928,true,כנפיים ה.נ.טרי,,,כנפיים ה.נ.טרי,קילוגרמים,1.00,"ק""ג",true,,0.00,0.0000,true,1,138373
612935,true,כבד הודו טרי,,,כבד הודו טרי,קילוגרמים,1.00,"ק""ג",true,,0.00,0.0000,true,1,138374
612942,true,לב הודו טרי,,,לב הודו טרי,קילוגרמים,1.00,"ק""ג",true,,0.00,0.0000,true,1,138375
612959,true,קורקבן הודו טרי,,,קורקבן הודו טרי,קילוגרמים,1.00,"ק""ג",true,,0.00,0.0000,true,1,138376
612966,true,גרון הודו טרי,,,גרון הודו טרי,קילוגרמים,1.00,"ק""ג",true,,0.00,0.0000,true,1,138377
612997,true,אשכים ארוז,,,אשכים ארוז,קילוגרמים,1.00,"ק""ג",true,,0.00,0.0000,true,1,138378
631195,true,אנטריקוט עגל חלק,,,אנטריקוט עגל חלק,קילוגרמים,1.00,"ק""ג",true,,0.00,0.0000,true,1,139180
671501,true,מפעל-קוקוס טחון לבן,,,מפעל-קוקוס טחון לבן,,0.00,,false,,0.00,0.0000,true,1,136921
683706,true,גביע לרוטב   oz 1.5,,,גביע לרוטב   oz 1.5,,0.00,,false,,0.00,0.0000,true,1,138632
685806,true,כרעיים חתוכות בלי עו,,,כרעיים חתוכות בלי עו,קילוגרמים,1.00,"ק""ג",true,,0.00,0.0000,true,1,138379
685844,true,גרון עוף ארוז,,,גרון עוף ארוז,קילוגרמים,1.00,"ק""ג",true,,0.00,0.0000,true,1,138380
756504,true,כפיות גלידה צבעוניות,,,כפיות גלידה צבעוניות,,0.00,,false,,0.00,0.0000,true,1,137391
875001,true,חזה חצוי הקצביה,,,חזה חצוי הקצביה,קילוגרמים,1.00,"ק""ג",true,,0.00,0.0000,true,1,138381
875018,true,שניצל דק הקצביה,,,שניצל דק הקצביה,קילוגרמים,1.00,"ק""ג",true,,0.00,0.0000,true,1,138382
875025,true,פילה פטם הקצביה,,,פילה פטם הקצביה,קילוגרמים,1.00,"ק""ג",true,,0.00,0.0000,true,1,138383
875032,true,כנפיים הקצביה,,,כנפיים הקצביה,קילוגרמים,1.00,"ק""ג",true,,0.00,0.0000,true,1,138384
875049,true,כרעיים הקצביה,,,כרעיים הקצביה,קילוגרמים,1.00,"ק""ג",true,,0.00,0.0000,true,1,138385
875056,true,שוקיים הקצביה,,,שוקיים הקצביה,קילוגרמים,1.00,"ק""ג",true,,0.00,0.0000,true,1,138386
875063,true,פרגית הקצביה,,,פרגית הקצביה,קילוגרמים,1.00,"ק""ג",true,,0.00,0.0000,true,1,138387
875070,true,פרגית פרוסה הקצביה,,,פרגית פרוסה הקצביה,קילוגרמים,1.00,"ק""ג",true,,0.00,0.0000,true,1,138388
875087,true,כבד פטם הקצביה,,,כבד פטם הקצביה,קילוגרמים,1.00,"ק""ג",true,,0.00,0.0000,true,1,138389
875094,true,קוקטייל קצביה,,,קוקטייל קצביה,קילוגרמים,1.00,"ק""ג",true,,0.00,0.0000,true,1,138390
875100,true,לבבות פטם חצוי,,,לבבות פטם חצוי,קילוגרמים,1.00,"ק""ג",true,,0.00,0.0000,true,1,138391
875117,true,לבבות פטם,,,לבבות פטם,קילוגרמים,1.00,"ק""ג",true,,0.00,0.0000,true,1,138392
875308,true,חזה חצוי הקצביה,,,חזה חצוי הקצביה,קילוגרמים,1.00,"ק""ג",true,,0.00,0.0000,true,1,138393
875315,true,שניצל דק הקצביה,,,שניצל דק הקצביה,קילוגרמים,1.00,"ק""ג",true,,0.00,0.0000,true,1,138394
875322,true,פילה פטם הקצביה,,,פילה פטם הקצביה,קילוגרמים,1.00,"ק""ג",true,,0.00,0.0000,true,1,138395
875339,true,כנפיים הקצביה,,,כנפיים הקצביה,קילוגרמים,1.00,"ק""ג",true,,0.00,0.0000,true,1,138396
875346,true,כרעיים הקצביה,,,כרעיים הקצביה,קילוגרמים,1.00,"ק""ג",true,,0.00,0.0000,true,1,138397
875353,true,שוקיים הקצביה,,,שוקיים הקצביה,קילוגרמים,1.00,"ק""ג",true,,0.00,0.0000,true,1,138398
875360,true,פרגית הקצביה,,,פרגית הקצביה,קילוגרמים,1.00,"ק""ג",true,,0.00,0.0000,true,1,138399
875377,true,פרגית פרוסה הקצביה,,,פרגית פרוסה הקצביה,קילוגרמים,1.00,"ק""ג",true,,0.00,0.0000,true,1,138400
875384,true,כבד פטם הקצביה,,,כבד פטם הקצביה,קילוגרמים,1.00,"ק""ג",true,,0.00,0.0000,true,1,138401
934330,true,קדמי טלה חלק מחולק ב,,,קדמי טלה חלק מחולק ב,קילוגרמים,1.00,"ק""ג",true,,0.00,0.0000,true,1,139520
934596,true,צוואר צלעות עגל חלק,,,צוואר צלעות עגל חלק,קילוגרמים,1.00,"ק""ג",true,,0.00,0.0000,true,1,139087
934678,true,אנטריקוט עגל כשר,,,אנטריקוט עגל כשר,קילוגרמים,1.00,"ק""ג",true,,0.00,0.0000,true,1,138273
934689,true,קיט כתף חלק,,,קיט כתף חלק,קילוגרמים,1.00,"ק""ג",true,,0.00,0.0000,true,1,139147
934700,true,נתחים לקצב חלק,,,נתחים לקצב חלק,קילוגרמים,1.00,"ק""ג",true,,0.00,0.0000,true,1,139521
934707,true,עצמות מוח חלק קפוא,,,עצמות מוח חלק קפוא,קילוגרמים,1.00,"ק""ג",true,,0.00,0.0000,true,1,139522
963320,true,סינטה עגל חלק,,,סינטה עגל חלק,קילוגרמים,1.00,"ק""ג",true,,0.00,0.0000,true,1,139523
1000183,true,מפעל-לחמניות מיני שמ,,,מפעל-לחמניות מיני שמ,,0.00,,false,,2999.90,0.0000,true,1,138430
1141004,true,מפעל-פרוסות חציל נקי,,,מפעל-פרוסות חציל נקי,,0.00,,false,,0.00,0.0000,true,1,135160
1157151,true,"מפעל-תפו""א זעיר לבן",,,"מפעל-תפו""א זעיר לבן",,0.00,,false,,2999.90,0.0000,true,1,137601
1230001,true,פרוסות חציל נקי,,,פרוסות חציל נקי,,0.00,,false,,0.00,0.0000,true,1,135102
1230003,true,מפעל-סלט טונה טוניסא,,,מפעל-סלט טונה טוניסא,,0.00,,false,,0.00,0.0000,true,1,135103
1230004,true,מפעל-סלט טונה עם ירק,,,מפעל-סלט טונה עם ירק,,0.00,,false,,0.00,0.0000,true,1,135104
1230005,true,מפעל-טחינה,,,מפעל-טחינה,,0.00,,false,,0.00,0.0000,true,1,135105
1230007,true,מפעל-סלט ביצים,,,מפעל-סלט ביצים,,0.00,,false,,0.00,0.0000,true,1,135161
1280047,true,מפעל-פלפל שחור,,,מפעל-פלפל שחור,,0.00,,false,,0.00,0.0000,true,1,137756
1289005,true,מפעל-שום כתוש,,,מפעל-שום כתוש,,0.00,,false,,2999.90,0.0000,true,1,137768
1293017,true,"מפעל-צ""ופסטיק",,,"מפעל-צ""ופסטיק",,0.00,,false,,2999.90,0.0000,true,1,138467
1296004,true,מפעל-ניילון בגליל עו,,,מפעל-ניילון בגליל עו,,0.00,,false,,0.00,0.0000,true,1,137797
1296005,true,מפעל-ניילון בגליל עו,,,מפעל-ניילון בגליל עו,,0.00,,false,,0.00,0.0000,true,1,137798
1296006,true,ניילון נצמד בודד 30,,,ניילון נצמד בודד 30,,0.00,,false,,5.00,0.0000,true,1,137799
1500307,true,סטנד טמפקס 68 EVAX +,,,סטנד טמפקס 68 EVAX +,,0.00,,false,,0.00,0.0000,true,1,136359
1532010,true,מפעל-סלמון מעושן חם,,,מפעל-סלמון מעושן חם,קילוגרמים,1.00,"ק""ג",true,,2999.90,2999.9000,true,1,136106
1532011,true,מפעל-סלמון מעושן חם,,,מפעל-סלמון מעושן חם,קילוגרמים,1.00,"ק""ג",true,,2999.90,2999.9000,true,1,137033
1700210,true,שקיות גופיה לבן גדול,,,שקיות גופיה לבן גדול,,0.00,,false,,0.00,0.0000,true,1,139152
2001845,true,מפעל-סלמון,,,מפעל-סלמון,,0.00,,false,,0.00,0.0000,true,1,135162
2002149,true,מפעל -ממרח אריסה א2.,,,מפעל -ממרח אריסה א2.,,0.00,,false,,2999.90,0.0000,true,1,136006
2002150,true,מפעל-ממרח עגבניות מי,,,מפעל-ממרח עגבניות מי,,0.00,,false,,2999.90,0.0000,true,1,137042
2020102,true,מפעל-ממרח לימון כבוש,,,מפעל-ממרח לימון כבוש,,0.00,,false,,2999.90,0.0000,true,1,136007
2020123,true,מפעל-ממרח עגבניות א1,,,מפעל-ממרח עגבניות א1,,0.00,,false,,2999.90,0.0000,true,1,136008
2020125,true,מפעל-ממרח זית ירוק א,,,מפעל-ממרח זית ירוק א,,0.00,,false,,2999.90,0.0000,true,1,136829
2020126,true,מפעל-ממרח פלפל א3 10,,,מפעל-ממרח פלפל א3 10,,0.00,,false,,2999.90,0.0000,true,1,136009
2079422,true,קרוטונים למרק 250 גר,,,קרוטונים למרק 250 גר,,0.00,,false,,5.00,0.0000,true,1,133334
2214153,true,שוקית פטם,,,שוקית פטם,קילוגרמים,1.00,"ק""ג",true,,0.00,0.0000,true,1,138164
2276050,true,מפעל-לחמנית ארבע עונ,,,מפעל-לחמנית ארבע עונ,,0.00,,false,,2999.90,0.0000,true,1,137303
2276111,true,מפעל-לחמנית בורג מתו,,,מפעל-לחמנית בורג מתו,,0.00,,false,,2999.90,0.0000,true,1,137307
2707500,true,מפעל-חסה רומיין 500,,,מפעל-חסה רומיין 500,,0.00,,false,,0.00,0.0000,true,1,136959
2711533,true,מפעל-פטרוזיליה,,,מפעל-פטרוזיליה,,0.00,,false,,0.00,0.0000,true,1,135140
2715200,true,"מפעל-בצל קוביות 1 ק""",,,"מפעל-בצל קוביות 1 ק""",,0.00,,false,,2999.90,0.0000,true,1,135328
2716100,true,"מפעל-סלרי קצוץ ק""ג",,,"מפעל-סלרי קצוץ ק""ג",,0.00,,false,,2999.00,0.0000,true,1,136266
2730020,true,אייס לימונענע 12 יחי,,,אייס לימונענע 12 יחי,,0.00,,false,,2999.90,0.0000,true,1,136820
2794015,true,מפעל-לקט ירקות,,,מפעל-לקט ירקות,,0.00,,false,,2999.90,0.0000,true,1,135144
2881735,true,לבבות דקל 400 גרם,,,לבבות דקל 400 גרם,,0.00,,false,,0.00,0.0000,true,1,138271
2901300,true,מפעל-עגבניית שרי שטו,,,מפעל-עגבניית שרי שטו,,0.00,,false,,0.00,0.0000,true,1,135364
2944100,true,מפעל-גזר מקולף 5 קיל,,,מפעל-גזר מקולף 5 קיל,,0.00,,false,,2999.90,0.0000,true,1,135777
2951100,true,מפעל-בטטה מקולפת,,,מפעל-בטטה מקולפת,,0.00,,false,,2999.90,0.0000,true,1,135868
2985200,true,מפעל-מלפפון שטוף,,,מפעל-מלפפון שטוף,,0.00,,false,,2999.00,0.0000,true,1,135337
3143401,true,"שווארמה ה.ז .ע""ע",,,"שווארמה ה.ז .ע""ע",קילוגרמים,1.00,"ק""ג",true,,0.00,0.0000,true,1,138209
4536660,true,רדיד אלומיניום7.5*3,,,רדיד אלומיניום7.5*3,,0.00,,false,,5.00,0.0000,true,1,134724
4869298,true,מיני קרואסון שמרים ק,,,מיני קרואסון שמרים ק,קילוגרמים,1.00,"ק""ג",true,,0.00,0.0000,true,1,137581
4869380,true,מיני קרואסון שוקו אפ,,,מיני קרואסון שוקו אפ,קילוגרמים,1.00,"ק""ג",true,,0.00,0.0000,true,1,137582
5053177,true,גבינת שמנת,,,גבינת שמנת,,0.00,,false,,0.00,0.0000,true,1,137489
5431593,true,קדאיף עדן קינוחים,,,קדאיף עדן קינוחים,,0.00,,false,,0.00,0.0000,true,1,137496
5431753,true,עוגת ביסקוויטים,,,עוגת ביסקוויטים,,0.00,,false,,0.00,0.0000,true,1,137036
6901268,true,קופיקס- דובונים 40 ג,,,קופיקס- דובונים 40 ג,,0.00,,false,,4.10,0.0000,true,1,135362
6901287,true,קופיקס- אפרופו 50 גר,,,קופיקס- אפרופו 50 גר,,0.00,,false,,5.00,0.0000,true,1,135363
6930640,true,מפעל-ביצה קשה,,,מפעל-ביצה קשה,,0.00,,false,,2999.90,0.0000,true,1,135107
7644594,true,מפעל -חטיף גרנולה שו,,,מפעל -חטיף גרנולה שו,,0.00,,false,,0.00,0.0000,true,1,138479
7644600,true,מפעל - חטיף גרנולה ש,,,מפעל - חטיף גרנולה ש,,0.00,,false,,0.00,0.0000,true,1,138480
8730017,true,אייס לימונענע 12 יחי,,,אייס לימונענע 12 יחי,,0.00,,false,,2999.90,0.0000,true,1,136822
10000188,true,מפעל-לחמניות ביס דגנ,,,מפעל-לחמניות ביס דגנ,,0.00,,false,,2999.90,0.0000,true,1,138429
10293800,true,מפעל-זיתים טבעות ירו,,,מפעל-זיתים טבעות ירו,,0.00,,false,,2999.90,0.0000,true,1,136517
10320850,false,גבינת עמק 28% שומן פ,,,גבינת עמק 28% שומן פ,גרמים,200.00,100 גרם,false,,15.90,0.0795,true,1,147979
10321697,false,יוגורט 2.9% אפרסק גו,,,יוגורט 2.9% אפרסק גו,גרמים,200.00,100 גרם,false,,5.50,0.0275,true,1,147699
10322014,false,טופו טבעי 300 גרם,,,טופו טבעי 300 גרם,גרמים,300.00,100 גרם,false,,11.90,0.0397,true,1,147783
10322021,false,טופו בזיליקום 300 גר,,,טופו בזיליקום 300 גר,גרמים,300.00,100 גרם,false,,11.90,0.0397,true,1,147866
10323585,false,יוגורט לייט 0.5% מוע,,,יוגורט לייט 0.5% מוע,גרמים,200.00,100 גרם,false,,5.50,0.0275,true,1,147702
10326227,false,יופלה און טופ קורנפל,,,יופלה און טופ קורנפל,גרמים,157.00,100 גרם,false,,5.00,0.0318,true,1,148063
10326241,false,יופלה און טופ גרנולה,,,יופלה און טופ גרנולה,גרמים,157.00,100 גרם,false,,5.00,0.0318,true,1,147852
11179345,false,כוסות שתיה קרה 100 י,,,כוסות שתיה קרה 100 י,Unknown,100.00,יחידה,false,,6.80,0.0680,true,1,143875
12870003,true,מפעל-כפפות ניטרל  S,,,מפעל-כפפות ניטרל  S,,0.00,,false,,20.00,0.0000,true,1,137896
12890003,true,מפעל-אבקת ווסאבי,,,מפעל-אבקת ווסאבי,,0.00,,false,,0.00,0.0000,true,1,137718
12890004,true,מפעל-אורגנו,,,מפעל-אורגנו,,0.00,,false,,0.00,0.0000,true,1,137719
12890007,true,מפעל-אצות לסושי,,,מפעל-אצות לסושי,,0.00,,false,,0.00,0.0000,true,1,137722
12890014,true,"מפעל-ג""ינג""ר לסושי",,,"מפעל-ג""ינג""ר לסושי",,0.00,,false,,0.00,0.0000,true,1,137729
12890016,true,מפעל-גבינת שמנת,,,מפעל-גבינת שמנת,קילוגרמים,1.00,"ק""ג",true,,0.00,0.0000,true,1,137734
12890019,true,מפעל-חומץ אורז לסושי,,,מפעל-חומץ אורז לסושי,,0.00,,false,,0.00,0.0000,true,1,137737
12890026,true,מפעל-מירין,,,מפעל-מירין,,0.00,,false,,0.00,0.0000,true,1,137744
12890027,true,מפעל-מלח דק,,,מפעל-מלח דק,,0.00,,false,,0.00,0.0000,true,1,137745
12890031,true,מפעל-מלח לימון,,,מפעל-מלח לימון,,0.00,,false,,0.00,0.0000,true,1,137749
12890037,true,מפעל-מרק טעם עוף,,,מפעל-מרק טעם עוף,,0.00,,false,,0.00,0.0000,true,1,137754
12890038,true,מפעל-סאקה,,,מפעל-סאקה,,0.00,,false,,0.00,0.0000,true,1,137757
12890042,true,מפעל-עגבניית שרי,,,מפעל-עגבניית שרי,,0.00,,false,,0.00,0.0000,true,1,137761
12890044,true,מפעל-פטרוזיליה,,,מפעל-פטרוזיליה,קילוגרמים,1.00,"ק""ג",true,,0.00,0.0000,true,1,137763
12890049,true,מפעל-פנקו,,,מפעל-פנקו,,0.00,,false,,0.00,0.0000,true,1,137767
12890050,true,מפעל-פסטה מסולסלת,,,מפעל-פסטה מסולסלת,,0.00,,false,,0.00,0.0000,true,1,137769
12890051,true,מפעל-פפריקה חריפה,,,מפעל-פפריקה חריפה,,0.00,,false,,0.00,0.0000,true,1,137770
12890052,true,מפעל-פפריקה מתוקה מו,,,מפעל-פפריקה מתוקה מו,,0.00,,false,,0.00,0.0000,true,1,137771
12890054,true,מפעל-קנפיו לסושי,,,מפעל-קנפיו לסושי,,0.00,,false,,0.00,0.0000,true,1,137773
12890056,true,מפעל-רוטב סויה אישי,,,מפעל-רוטב סויה אישי,,0.00,,false,,0.00,0.0000,true,1,137775
12890058,true,מפעל-שומשום לבן,,,מפעל-שומשום לבן,,0.00,,false,,0.00,0.0000,true,1,137776
12890059,true,מפעל-שומשום שחור קלו,,,מפעל-שומשום שחור קלו,,0.00,,false,,0.00,0.0000,true,1,137777
12890063,true,מפעל-כורכום מוקרן,,,מפעל-כורכום מוקרן,,0.00,,false,,0.00,0.0000,true,1,137817
12890064,true,מפעל-כמון מוקרן,,,מפעל-כמון מוקרן,,0.00,,false,,0.00,0.0000,true,1,137818
12890071,true,מפעל-שמן קנולה,,,מפעל-שמן קנולה,,0.00,,false,,0.00,0.0000,true,1,137824
12890074,true,מפעל-רוטב סויה יאמאס,,,מפעל-רוטב סויה יאמאס,,0.00,,false,,0.00,0.0000,true,1,137827
12890075,true,מפעל-מלח עבה,,,מפעל-מלח עבה,,0.00,,false,,0.00,0.0000,true,1,137828
12890076,true,מפעל-בורגול,,,מפעל-בורגול,,0.00,,false,,0.00,0.0000,true,1,137829
12890083,true,מפעל-פלפל שחור טחון,,,מפעל-פלפל שחור טחון,,0.00,,false,,0.00,0.0000,true,1,137838
12890084,true,מפעל-רצועות עוף סויה,,,מפעל-רצועות עוף סויה,קילוגרמים,1.00,"ק""ג",true,,0.00,0.0000,true,1,137839
12890087,true,מפעל-תערובת כדורים ב,,,מפעל-תערובת כדורים ב,,0.00,,false,,0.00,0.0000,true,1,137842
12890088,true,מפעל-אבקת סוכר,,,מפעל-אבקת סוכר,,0.00,,false,,0.00,0.0000,true,1,137843
12890089,true,מפעל-אבקת קקאו,,,מפעל-אבקת קקאו,קילוגרמים,1.00,"ק""ג",true,,0.00,0.0000,true,1,137844
12890091,true,מפעל-קוקוס טחון,,,מפעל-קוקוס טחון,,0.00,,false,,0.00,0.0000,true,1,137846
12890092,true,מפעל-רוטב סויה אישי,,,מפעל-רוטב סויה אישי,,0.00,,false,,0.00,0.0000,true,1,137847
12890106,true,מפעל-לחמניית מזונות,,,מפעל-לחמניית מזונות,,0.00,,false,,2999.90,0.0000,true,1,137855
12890107,true,מפעל-פרנה 120 גרם,,,מפעל-פרנה 120 גרם,,0.00,,false,,2999.90,0.0000,true,1,137856
12890118,true,מפעל-נתחי טונה בשמן,,,מפעל-נתחי טונה בשמן,קילוגרמים,1.00,"ק""ג",true,,0.00,0.0000,true,1,138006
12890132,true,מפעל-לחמניה מזרחית ע,,,מפעל-לחמניה מזרחית ע,,0.00,,false,,2999.90,0.0000,true,1,138753
12890133,true,מפעל-לחמניה כפרית75,,,מפעל-לחמניה כפרית75,,0.00,,false,,0.70,0.0000,true,1,138754
12890134,true,"מפעל-תפו""א מקולף",,,"מפעל-תפו""א מקולף",קילוגרמים,1.00,"ק""ג",true,,0.00,0.0000,true,1,138755
12890135,true,מפעל-ניילון רדיד שקו,,,מפעל-ניילון רדיד שקו,קילוגרמים,1.00,"ק""ג",true,,0.00,0.0000,true,1,138775
12890137,true,"מפעל-רוטב צ""ילי מתוק",,,"מפעל-רוטב צ""ילי מתוק",,0.00,,false,,0.00,0.0000,true,1,138876
12890138,true,מפעל-בוטנים קלויים,,,מפעל-בוטנים קלויים,,0.00,,false,,0.00,0.0000,true,1,138877
12890142,true,מפעל-קרוטונים למרק,,,מפעל-קרוטונים למרק,קילוגרמים,1.00,"ק""ג",true,,0.00,0.0000,true,1,139207
12890144,true,מפעל-תחליף גבינה פיצ,,,מפעל-תחליף גבינה פיצ,,0.00,,false,,0.00,0.0000,true,1,139209
12890226,true,מפעל-ממרח טפנד זיתים,,,מפעל-ממרח טפנד זיתים,,0.00,,false,,0.00,0.0000,true,1,139663
12890227,true,מפעל-תפוח,,,מפעל-תפוח,,0.00,,false,,0.00,0.0000,true,1,139681
12890228,true,מפעל-עגבניות קוביות,,,מפעל-עגבניות קוביות,,0.00,,false,,0.00,0.0000,true,1,139686
12890231,true,מפעל-חומצה אסקורבית,,,מפעל-חומצה אסקורבית,,0.00,,false,,0.00,0.0000,true,1,139726
12890232,true,מפעל-פלפל קלוי,,,מפעל-פלפל קלוי,,0.00,,false,,0.00,0.0000,true,1,139729
12890236,true,מפעל-טפנד זיתים,,,מפעל-טפנד זיתים,,0.00,,false,,0.00,0.0000,true,1,140065
12890242,true,מפעל-עגבניות קוביות,,,מפעל-עגבניות קוביות,,0.00,,false,,0.00,0.0000,true,1,140137
12890243,true,מפעל-גבינת קרם שמנת,,,מפעל-גבינת קרם שמנת,,0.00,,false,,0.00,0.0000,true,1,140144
12890244,true,מפעל-גבינת קרם שמנת,,,מפעל-גבינת קרם שמנת,,0.00,,false,,0.00,0.0000,true,1,140145
12890245,true,מפעל-ממרח בטעם שוקול,,,מפעל-ממרח בטעם שוקול,,0.00,,false,,0.00,0.0000,true,1,140146
12891020,true,מפעל-קרוטונים למרק,,,מפעל-קרוטונים למרק,קילוגרמים,1.00,"ק""ג",true,,0.00,0.0000,true,1,139199
12891024,true,מפעל-לחמניה בריוש,,,מפעל-לחמניה בריוש,,0.00,,false,,0.00,0.0000,true,1,139210
12891025,true,מפעל-שבלול מתוק,,,מפעל-שבלול מתוק,,0.00,,false,,0.00,0.0000,true,1,139211
12891026,true,"מפעל-ג""בטינה מיני",,,"מפעל-ג""בטינה מיני",,0.00,,false,,0.00,0.0000,true,1,139212
12891027,true,מפעל-ביס פרג,,,מפעל-ביס פרג,,0.00,,false,,0.00,0.0000,true,1,139213
12891028,true,מפעל-מיני כפרית,,,מפעל-מיני כפרית,,0.00,,false,,0.00,0.0000,true,1,139214
12891029,true,מפעל-פסטה פנה,,,מפעל-פסטה פנה,,0.00,,false,,0.00,0.0000,true,1,139435
12891030,true,מפעל-פסטה ספגטי,,,מפעל-פסטה ספגטי,,0.00,,false,,0.00,0.0000,true,1,139436
12891031,true,מפעל-רוטב סויה סיני,,,מפעל-רוטב סויה סיני,,0.00,,false,,0.00,0.0000,true,1,139437
12891032,true,מפעל-רוטב בסגנון נפא,,,מפעל-רוטב בסגנון נפא,,0.00,,false,,0.00,0.0000,true,1,139438
12891033,true,"מפעל-רוטב סצ""ואן",,,"מפעל-רוטב סצ""ואן",,0.00,,false,,0.00,0.0000,true,1,139439
12891034,true,מפעל-רוטב טריאקי,,,מפעל-רוטב טריאקי,,0.00,,false,,0.00,0.0000,true,1,139440
12891038,true,מפעל-קסטן דגנים,,,מפעל-קסטן דגנים,,0.00,,false,,0.00,0.0000,true,1,139667
12891040,true,מפעל-באן חלבה,,,מפעל-באן חלבה,,0.00,,false,,0.00,0.0000,true,1,139687
12891041,true,מפעל-פריקסה בהיר קטן,,,מפעל-פריקסה בהיר קטן,,0.00,,false,,0.00,0.0000,true,1,140139
12891042,true,מפעל-פריקסה חצי אפוי,,,מפעל-פריקסה חצי אפוי,,0.00,,false,,0.00,0.0000,true,1,140140
12892001,true,מפעל-מיני כפרית,,,מפעל-מיני כפרית,,0.00,,false,,0.00,0.0000,true,1,138729
12910001,true,מפעל-מיני שמינייה מז,,,מפעל-מיני שמינייה מז,,0.00,,false,,0.00,0.0000,true,1,137584
12970001,true,מפעל-כפפות ניטריל L,,,מפעל-כפפות ניטריל L,,0.00,,false,,0.00,0.0000,true,1,137893
12970002,true,מפעל -ניטריל כפפותM,,,מפעל -ניטריל כפפותM,,0.00,,false,,0.00,0.0000,true,1,137897
13022038,true,טופו פיקנטי 300 גרם,,,טופו פיקנטי 300 גרם,,0.00,,false,,12.90,0.0000,true,1,147867
13024704,true,טופו פרובנס 300 גרם,,,טופו פרובנס 300 גרם,,0.00,,false,,12.90,0.0000,true,1,147868
13070001,true,קיט-שקשוקה,,,קיט-שקשוקה,קילוגרמים,1.00,"ק""ג",true,,0.00,0.0000,true,1,138817
13170002,true,מפעל-ספטוקל בלון 20,,,מפעל-ספטוקל בלון 20,,0.00,,false,,0.00,0.0000,true,1,137899
13170004,true,מפעל -QUICKDESבלון1,,,מפעל -QUICKDESבלון1,,0.00,,false,,0.00,0.0000,true,1,137901
13170005,true,מפעל MS -TOPבלון 20,,,מפעל MS -TOPבלון 20,,0.00,,false,,0.00,0.0000,true,1,137902
13170006,true,"מפעל -ZA28מיכל 25 ק""",,,"מפעל -ZA28מיכל 25 ק""",,0.00,,false,,0.00,0.0000,true,1,137903
13170007,true,מפעל-מטליותQUICKDES,,,מפעל-מטליותQUICKDES,,0.00,,false,,0.00,0.0000,true,1,137904
13170008,true,מפעל-גליל נייר תעשיי,,,מפעל-גליל נייר תעשיי,,0.00,,false,,2999.90,0.0000,true,1,137905
13170009,true,מפעל-סולו אקונומיקה,,,מפעל-סולו אקונומיקה,,0.00,,false,,2999.90,0.0000,true,1,137906
13170010,true,מפעל -md10נוזל לחיטו,,,מפעל -md10נוזל לחיטו,,0.00,,false,,0.00,0.0000,true,1,137907
13170012,true,מפעל-שפירצר ריק לניק,,,מפעל-שפירצר ריק לניק,,0.00,,false,,0.00,0.0000,true,1,137954
13170013,true,מפעל -OMD-10חומר חיט,,,מפעל -OMD-10חומר חיט,,0.00,,false,,0.00,0.0000,true,1,138009
13170016,true,מפעל-אל פיח,,,מפעל-אל פיח,,0.00,,false,,0.00,0.0000,true,1,138659
13170019,true,מפעל-אלום        10,,,מפעל-אלום        10,,0.00,,false,,0.00,0.0000,true,1,138685
13170020,true,מפעל -NL20Fח.ניקוי מ,,,מפעל -NL20Fח.ניקוי מ,,0.00,,false,,0.00,0.0000,true,1,138686
13170021,true,מפעל-אבנין - 10 ח.ני,,,מפעל-אבנין - 10 ח.ני,,0.00,,false,,0.00,0.0000,true,1,138687
13170022,true,מפעל        DES -TOP,,,מפעל        DES -TOP,,0.00,,false,,0.00,0.0000,true,1,139025
13170023,true,מפעל-בשמת אקסטרא,,,מפעל-בשמת אקסטרא,,0.00,,false,,0.00,0.0000,true,1,139026
13170024,true,"מפעל-פי.אל )28 .4ק""ג",,,"מפעל-פי.אל )28 .4ק""ג",,0.00,,false,,0.00,0.0000,true,1,139027
13180017,true,מפעל-אריזה למגשי איר,,,מפעל-אריזה למגשי איר,,0.00,,false,,0.00,0.0000,true,1,138649
13180018,true,מפעל-ניילון שקוף320,,,מפעל-ניילון שקוף320,קילוגרמים,1.00,"ק""ג",true,,0.00,0.0000,true,1,138650
13180019,true,מפעל-ניילון שקוף240,,,מפעל-ניילון שקוף240,,0.00,,false,,0.00,0.0000,true,1,138651
13180020,true,מפעל-שקית ארגזים90*,,,מפעל-שקית ארגזים90*,,0.00,,false,,0.00,0.0000,true,1,138652
13180021,true,מפעל-ניילון שקוף250,,,מפעל-ניילון שקוף250,,0.00,,false,,0.00,0.0000,true,1,138653
13180022,true,מפעל-ניילון רדיד מוד,,,מפעל-ניילון רדיד מוד,,0.00,,false,,0.00,0.0000,true,1,138654
13180023,true,מפעל-ניילון רדיד מוד,,,מפעל-ניילון רדיד מוד,,0.00,,false,,0.00,0.0000,true,1,138655
13180025,true,"מפעל-ניילון מס - 1 """,,,"מפעל-ניילון מס - 1 """,קילוגרמים,1.00,"ק""ג",true,,0.00,0.0000,true,1,138660
13180026,true,"מפעל-ניילון מס - 2 """,,,"מפעל-ניילון מס - 2 """,קילוגרמים,1.00,"ק""ג",true,,0.00,0.0000,true,1,138661
13180027,true,"מפעל-ניילון מס - 3 """,,,"מפעל-ניילון מס - 3 """,קילוגרמים,1.00,"ק""ג",true,,0.00,0.0000,true,1,138662
13180028,true,"מפעל-ניילון מס - 4 """,,,"מפעל-ניילון מס - 4 """,קילוגרמים,1.00,"ק""ג",true,,0.00,0.0000,true,1,138663
13180029,true,"מפעל-ניילון מס - 5 """,,,"מפעל-ניילון מס - 5 """,קילוגרמים,1.00,"ק""ג",true,,0.00,0.0000,true,1,138664
13180030,true,"מפעל-ניילון מס - 6 """,,,"מפעל-ניילון מס - 6 """,קילוגרמים,1.00,"ק""ג",true,,0.00,0.0000,true,1,138665
13180031,true,"מפעל-ניילון מס - 7 """,,,"מפעל-ניילון מס - 7 """,קילוגרמים,1.00,"ק""ג",true,,0.00,0.0000,true,1,138666
13180032,true,"מפעל-ניילון מס - 8 """,,,"מפעל-ניילון מס - 8 """,קילוגרמים,1.00,"ק""ג",true,,0.00,0.0000,true,1,138667
13180033,true,"מפעל-ניילון מס- 10 """,,,"מפעל-ניילון מס- 10 """,קילוגרמים,1.00,"ק""ג",true,,0.00,0.0000,true,1,138668
13180034,true,מפעל-ניילון רדיד מוד,,,מפעל-ניילון רדיד מוד,קילוגרמים,1.00,"ק""ג",true,,0.00,0.0000,true,1,138669
13180038,true,מפעל-ניילון רדיד שקו,,,מפעל-ניילון רדיד שקו,,0.00,,false,,0.00,0.0000,true,1,138916
13180039,true,מפעל-מדבקה לנגיסי תי,,,מפעל-מדבקה לנגיסי תי,,0.00,,false,,0.00,0.0000,true,1,138917
13180040,true,מפעל-מגש חמגשית לארו,,,מפעל-מגש חמגשית לארו,,0.00,,false,,0.00,0.0000,true,1,138942
13180041,true,מפעל-ניילון שקוף לחי,,,מפעל-ניילון שקוף לחי,,0.00,,false,,0.00,0.0000,true,1,139571
13180045,true,מפעל-שקיות קוקי,,,מפעל-שקיות קוקי,,0.00,,false,,0.00,0.0000,true,1,140066
13240002,true,מפעל-מדבקה לסושי הוס,,,מפעל-מדבקה לסושי הוס,,0.00,,false,,0.00,0.0000,true,1,137909
13240003,true,מפעל-מדבקה לסושי-הוס,,,מפעל-מדבקה לסושי-הוס,,0.00,,false,,0.00,0.0000,true,1,137910
13240004,true,מפעל-מדבקה לסושי -אי,,,מפעל-מדבקה לסושי -אי,,0.00,,false,,0.00,0.0000,true,1,137911
13240005,true,מפעל-מדבקה לסושי- אי,,,מפעל-מדבקה לסושי- אי,,0.00,,false,,0.00,0.0000,true,1,137912
13240006,true,מפעל-מדבקה לסושי- הו,,,מפעל-מדבקה לסושי- הו,,0.00,,false,,0.00,0.0000,true,1,137913
13240007,true,מפעל-מדבקה לסושי- אי,,,מפעל-מדבקה לסושי- אי,,0.00,,false,,0.00,0.0000,true,1,137914
13240008,true,מפעל-מדבקה לסושי- אי,,,מפעל-מדבקה לסושי- אי,,0.00,,false,,0.00,0.0000,true,1,137915
13240009,true,מפעל-מדבקה לסושי- הו,,,מפעל-מדבקה לסושי- הו,,0.00,,false,,0.00,0.0000,true,1,137916
13240010,true,מפעל-מדבקה לסושי- אי,,,מפעל-מדבקה לסושי- אי,,0.00,,false,,0.00,0.0000,true,1,137917
13240011,true,מפעל-מדבקה לסושי צמח,,,מפעל-מדבקה לסושי צמח,,0.00,,false,,0.00,0.0000,true,1,137918
13240013,true,מפעל-מדבקה לכדור בטע,,,מפעל-מדבקה לכדור בטע,,0.00,,false,,0.00,0.0000,true,1,137920
13240014,true,מפעל-מדבקה לכדור בטע,,,מפעל-מדבקה לכדור בטע,,0.00,,false,,0.00,0.0000,true,1,137921
13240019,true,מפעל-מדבקה לסושי- הו,,,מפעל-מדבקה לסושי- הו,,0.00,,false,,0.00,0.0000,true,1,137926
13240020,true,מפעל-מדבקה לסלט בורג,,,מפעל-מדבקה לסלט בורג,,0.00,,false,,0.00,0.0000,true,1,138024
13240021,true,מפעל-מדבקת שעון לסלט,,,מפעל-מדבקת שעון לסלט,,0.00,,false,,0.00,0.0000,true,1,138025
13240024,true,מפעל-מדבקה לסושי מיק,,,מפעל-מדבקה לסושי מיק,,0.00,,false,,0.00,0.0000,true,1,138530
13240025,true,מפעל-מדבקה לסלט יוונ,,,מפעל-מדבקה לסלט יוונ,,0.00,,false,,0.00,0.0000,true,1,138633
13240026,true,מפעל-מדבקה לסלט ירקו,,,מפעל-מדבקה לסלט ירקו,,0.00,,false,,0.00,0.0000,true,1,138634
13240027,true,מפעל-מדבקה לפוטטוס ת,,,מפעל-מדבקה לפוטטוס ת,,0.00,,false,,0.00,0.0000,true,1,138689
13240028,true,מפעל-מדבקה לסושי מסי,,,מפעל-מדבקה לסושי מסי,,0.00,,false,,0.00,0.0000,true,1,138881
13240029,true,מפעל-מדבקה לאצבעות ת,,,מפעל-מדבקה לאצבעות ת,,0.00,,false,,0.00,0.0000,true,1,139134
13240030,true,מפעל-מדבקה לכדור בטע,,,מפעל-מדבקה לכדור בטע,,0.00,,false,,0.00,0.0000,true,1,138978
13240031,true,מפעל-מדבקה עגולה למג,,,מפעל-מדבקה עגולה למג,,0.00,,false,,0.00,0.0000,true,1,138998
13241001,true,מפעל-מדבקה לקרטון -,,,מפעל-מדבקה לקרטון -,,0.00,,false,,0.00,0.0000,true,1,138553
13241002,true,מפעל-מדבקה לקרטון -,,,מפעל-מדבקה לקרטון -,,0.00,,false,,0.00,0.0000,true,1,138554
13241003,true,מפעל-מדבקה לקרטון -,,,מפעל-מדבקה לקרטון -,,0.00,,false,,0.00,0.0000,true,1,138555
13241004,true,מפעל-מדבקה לקרטון -,,,מפעל-מדבקה לקרטון -,,0.00,,false,,0.00,0.0000,true,1,138556
13241005,true,מפעל-מדבקה לקרטון -,,,מפעל-מדבקה לקרטון -,,0.00,,false,,0.00,0.0000,true,1,138557
13241006,true,מפעל-מדבקה לקרטון -,,,מפעל-מדבקה לקרטון -,,0.00,,false,,0.00,0.0000,true,1,138558
13241007,true,מפעל-מדבקה לקרטון -,,,מפעל-מדבקה לקרטון -,,0.00,,false,,0.00,0.0000,true,1,138559
13241008,true,מפעל-מדבקה לקרטון- ס,,,מפעל-מדבקה לקרטון- ס,,0.00,,false,,0.00,0.0000,true,1,138560
13241009,true,מפעל-מדבקה לקרטון- ס,,,מפעל-מדבקה לקרטון- ס,,0.00,,false,,0.00,0.0000,true,1,138561
13241010,true,מפעל-מדבקה לקרטון- פ,,,מפעל-מדבקה לקרטון- פ,,0.00,,false,,0.00,0.0000,true,1,138562
13241011,true,מפעל-מדבקה לקרטון- ס,,,מפעל-מדבקה לקרטון- ס,,0.00,,false,,0.00,0.0000,true,1,138563
13241012,true,מפעל-מדבקה לקרטון- פ,,,מפעל-מדבקה לקרטון- פ,,0.00,,false,,0.00,0.0000,true,1,138564
13241013,true,מפעל-מדבקה לקרטון-נג,,,מפעל-מדבקה לקרטון-נג,,0.00,,false,,0.00,0.0000,true,1,138918
13241014,true,מפעל-מדבקה לקרטון -,,,מפעל-מדבקה לקרטון -,,0.00,,false,,0.00,0.0000,true,1,139114
13241015,true,מפעל-מדבקה לקרטון -,,,מפעל-מדבקה לקרטון -,,0.00,,false,,0.00,0.0000,true,1,138999
13241016,true,מפעל-מדבקה לקרטון -,,,מפעל-מדבקה לקרטון -,,0.00,,false,,0.00,0.0000,true,1,139012
13241017,true,מפעל-מדבקה לקרטון -,,,מפעל-מדבקה לקרטון -,,0.00,,false,,0.00,0.0000,true,1,139013
13241018,true,מפעל-מדבקה לקרטון -,,,מפעל-מדבקה לקרטון -,,0.00,,false,,0.00,0.0000,true,1,139014
13241019,true,מפעל-מדבקה לקרטון -,,,מפעל-מדבקה לקרטון -,,0.00,,false,,0.00,0.0000,true,1,139015
13241020,true,מפעל-מדבקה לקרטון -,,,מפעל-מדבקה לקרטון -,,0.00,,false,,0.00,0.0000,true,1,139016
13241021,true,מפעל-מדבקה לקרטון -,,,מפעל-מדבקה לקרטון -,,0.00,,false,,0.00,0.0000,true,1,139017
13290001,true,מפעל-כפפות ניטרל  S,,,מפעל-כפפות ניטרל  S,,0.00,,false,,0.00,0.0000,true,1,137929
13290002,true,מפעל-כפפות ניטריל L,,,מפעל-כפפות ניטריל L,,0.00,,false,,0.00,0.0000,true,1,137930
13290003,true,מפעל -ניטריל כפפותM,,,מפעל -ניטריל כפפותM,,0.00,,false,,0.00,0.0000,true,1,137931
13290007,true,מפעל-כפפות לטקס ללא,,,מפעל-כפפות לטקס ללא,,0.00,,false,,0.00,0.0000,true,1,139442
13290008,true,מפעל-כיסוי לנעל,,,מפעל-כיסוי לנעל,,0.00,,false,,0.00,0.0000,true,1,139443
13290009,true,מפעל-חלוק חד פעמי לב,,,מפעל-חלוק חד פעמי לב,,0.00,,false,,0.00,0.0000,true,1,139444
13290010,true,מפעל-כפכף טבחים שחור,,,מפעל-כפכף טבחים שחור,,0.00,,false,,0.00,0.0000,true,1,139445
13290011,true,מפעל-חלוק חד פעמי כח,,,מפעל-חלוק חד פעמי כח,,0.00,,false,,0.00,0.0000,true,1,139446
13290012,true,מפעל-סינר לבן לייצור,,,מפעל-סינר לבן לייצור,,0.00,,false,,0.00,0.0000,true,1,139297
13290013,true,מפעל-סינר כחול לייצו,,,מפעל-סינר כחול לייצו,,0.00,,false,,0.00,0.0000,true,1,139298
13290014,true,מפעל-נעל עבודה שחור,,,מפעל-נעל עבודה שחור,,0.00,,false,,0.00,0.0000,true,1,139299
13290015,true,מפעל-מגף עם כיפת מגן,,,מפעל-מגף עם כיפת מגן,,0.00,,false,,0.00,0.0000,true,1,139300
13290016,true,מפעל-כפפות תחזוקה שח,,,מפעל-כפפות תחזוקה שח,,0.00,,false,,0.00,0.0000,true,1,140067
13290017,true,מפעל-מכנס כיס,,,מפעל-מכנס כיס,,0.00,,false,,0.00,0.0000,true,1,140068
13290018,true,מפעל-מגף גומי שחור,,,מפעל-מגף גומי שחור,,0.00,,false,,0.00,0.0000,true,1,140069
13400005,true,מפעל-ניילון שקוף320,,,מפעל-ניילון שקוף320,קילוגרמים,1.00,"ק""ג",true,,0.00,0.0000,true,1,138028
13400006,true,מפעל-ארגז 001 כריכים,,,מפעל-ארגז 001 כריכים,,0.00,,false,,0.00,0.0000,true,1,138085
13400007,true,מפעל-ארגז 003 לחמניו,,,מפעל-ארגז 003 לחמניו,,0.00,,false,,0.00,0.0000,true,1,138086
13400008,true,מפעל-קרטון חצי באגט,,,מפעל-קרטון חצי באגט,,0.00,,false,,0.00,0.0000,true,1,138087
13400009,true,מפעל-ארגז 005 סושי0,,,מפעל-ארגז 005 סושי0,,0.00,,false,,0.00,0.0000,true,1,138682
13400010,true,מפעל-ארגז 007 סושי0,,,מפעל-ארגז 007 סושי0,,0.00,,false,,0.00,0.0000,true,1,138683
13400012,true,מפעל-ארגז 008 סלטים,,,מפעל-ארגז 008 סלטים,,0.00,,false,,0.00,0.0000,true,1,138088
13400014,true,מפעל-ניילון שקוף240,,,מפעל-ניילון שקוף240,,0.00,,false,,0.00,0.0000,true,1,138038
13400016,true,מפעל-שקית ארגזים90*,,,מפעל-שקית ארגזים90*,,0.00,,false,,0.00,0.0000,true,1,138040
13400028,true,מפעל-ארגז 006 סלטים,,,מפעל-ארגז 006 סלטים,,0.00,,false,,0.00,0.0000,true,1,138460
13400029,true,מפעל-ארגז 002 סושי-מ,,,מפעל-ארגז 002 סושי-מ,,0.00,,false,,0.00,0.0000,true,1,138684
13400030,true,מפעל-סרט דבק שקוף למ,,,מפעל-סרט דבק שקוף למ,,0.00,,false,,0.00,0.0000,true,1,138730
13400031,true,מפעל-ארגז 010 לסושי,,,מפעל-ארגז 010 לסושי,,0.00,,false,,0.00,0.0000,true,1,138882
14759978,false,קצקבל גלעד 27% פלח 2,,,קצקבל גלעד 27% פלח 2,גרמים,200.00,100 גרם,false,,24.90,0.1245,true,1,145563
14759992,false,פלח רוקפור גליל 27%,,,פלח רוקפור גליל 27%,גרמים,140.00,100 גרם,false,,18.90,0.1350,true,1,145564
15023000,true,"רום נגריטה 700 מ""ל",,,"רום נגריטה 700 מ""ל",,0.00,,false,,0.00,0.0000,true,1,136171
15644181,true,מפעל-לחמניית שמיניה,,,מפעל-לחמניית שמיניה,,0.00,,false,,2999.90,0.0000,true,1,136241
15644198,true,מפעל-בגטינה מת .חתוך,,,מפעל-בגטינה מת .חתוך,,0.00,,false,,2999.90,0.0000,true,1,136285
15644792,true,מפעל-לחמניית שמיניה,,,מפעל-לחמניית שמיניה,,0.00,,false,,2999.90,0.0000,true,1,137953
16070000,true,פסואה - בטעם פסיפלור,,,פסואה - בטעם פסיפלור,,0.00,,false,,0.00,0.0000,true,1,136172
16497915,true,מפעל-לחמנית מזונות מ,,,מפעל-לחמנית מזונות מ,,0.00,,false,,2999.90,0.0000,true,1,135455
16497922,true,מפעל- לחם קסטן מלא,,,מפעל- לחם קסטן מלא,,0.00,,false,,2999.90,0.0000,true,1,135456
16967807,true,מפעל-פרנה קופיקס,,,מפעל-פרנה קופיקס,,0.00,,false,,2999.90,0.0000,true,1,137499
17090100,true,טולמור דיו 1 ליטר,,,טולמור דיו 1 ליטר,,0.00,,false,,0.00,0.0000,true,1,136173
20080017,true,מפעל-סווב       ATP,,,מפעל-סווב       ATP,,0.00,,false,,0.00,0.0000,true,1,139198
21133001,true,פ  -4תפזורת טרי,,,פ  -4תפזורת טרי,קילוגרמים,1.00,"ק""ג",true,,0.00,0.0000,true,1,138092
21133003,true,"פ -4מס           1 """,,,"פ -4מס           1 """,קילוגרמים,1.00,"ק""ג",true,,0.00,0.0000,true,1,138093
21133010,true,עוף שלם ללא עצם טרי,,,עוף שלם ללא עצם טרי,קילוגרמים,1.00,"ק""ג",true,,0.00,0.0000,true,1,138094
21133011,true,עוף צעיר טרי,,,עוף צעיר טרי,קילוגרמים,1.00,"ק""ג",true,,0.00,0.0000,true,1,138095
21133019,true,סטייק פרגית ב.ע    .,,,סטייק פרגית ב.ע    .,קילוגרמים,1.00,"ק""ג",true,,0.00,0.0000,true,1,138096
21133901,true,פרגית אמיתית 16 יח,,,פרגית אמיתית 16 יח,קילוגרמים,1.00,"ק""ג",true,,0.00,0.0000,true,1,138097
21134002,true,פטם טרי,,,פטם טרי,קילוגרמים,1.00,"ק""ג",true,,0.00,0.0000,true,1,138098
21134004,true,פ -4גדול,,,פ -4גדול,קילוגרמים,1.00,"ק""ג",true,,0.00,0.0000,true,1,138099
21134013,true,"פ -4מס           2 """,,,"פ -4מס           2 """,קילוגרמים,1.00,"ק""ג",true,,0.00,0.0000,true,1,138100
21143016,true,חזה חצוי,,,חזה חצוי,קילוגרמים,1.00,"ק""ג",true,,0.00,0.0000,true,1,138101
21143017,true,חזה חצוי הקצביה,,,חזה חצוי הקצביה,קילוגרמים,1.00,"ק""ג",true,,0.00,0.0000,true,1,138102
21143025,true,פילה עוף טרי,,,פילה עוף טרי,קילוגרמים,1.00,"ק""ג",true,,0.00,0.0000,true,1,138103
21143026,true,פילה פטם הקצביה,,,פילה פטם הקצביה,קילוגרמים,1.00,"ק""ג",true,,0.00,0.0000,true,1,138104
21143055,true,כרעיים טרי טנא,,,כרעיים טרי טנא,קילוגרמים,1.00,"ק""ג",true,,0.00,0.0000,true,1,138105
21143056,true,כרעיים ללא עצם גב,,,כרעיים ללא עצם גב,קילוגרמים,1.00,"ק""ג",true,,0.00,0.0000,true,1,138106
21143101,true,שניצל פטם דק דק,,,שניצל פטם דק דק,קילוגרמים,1.00,"ק""ג",true,,0.00,0.0000,true,1,138107
21143103,true,שניצל דק הקצביה,,,שניצל דק הקצביה,קילוגרמים,1.00,"ק""ג",true,,0.00,0.0000,true,1,138108
21143106,true,"שניצל 150 גר       """,,,"שניצל 150 גר       """,קילוגרמים,1.00,"ק""ג",true,,0.00,0.0000,true,1,138109
21143151,true,נתחי חזה פטם תפז,,,נתחי חזה פטם תפז,קילוגרמים,1.00,"ק""ג",true,,0.00,0.0000,true,1,138110
21143201,true,כרעיים טרי,,,כרעיים טרי,קילוגרמים,1.00,"ק""ג",true,,0.00,0.0000,true,1,138111
21143202,true,כרעיים הקצביה,,,כרעיים הקצביה,קילוגרמים,1.00,"ק""ג",true,,0.00,0.0000,true,1,138112
21143204,true,כרעיים טרי       250,,,כרעיים טרי       250,קילוגרמים,1.00,"ק""ג",true,,0.00,0.0000,true,1,138113
21143205,true,כרעיים טרי      300,,,כרעיים טרי      300,קילוגרמים,1.00,"ק""ג",true,,0.00,0.0000,true,1,138114
21143251,true,ירכיים טרי,,,ירכיים טרי,קילוגרמים,1.00,"ק""ג",true,,0.00,0.0000,true,1,138115
21143258,true,ירך פטם ב.ע.ג      .,,,ירך פטם ב.ע.ג      .,קילוגרמים,1.00,"ק""ג",true,,0.00,0.0000,true,1,138116
21143300,true,קוקטייל קצביה,,,קוקטייל קצביה,קילוגרמים,1.00,"ק""ג",true,,0.00,0.0000,true,1,138117
21143301,true,"שוקיים טרי תפז     """,,,"שוקיים טרי תפז     """,קילוגרמים,1.00,"ק""ג",true,,0.00,0.0000,true,1,138118
21143306,true,שוקיים הקצביה,,,שוקיים הקצביה,קילוגרמים,1.00,"ק""ג",true,,0.00,0.0000,true,1,138119
21143351,true,כנפיים טרי,,,כנפיים טרי,קילוגרמים,1.00,"ק""ג",true,,0.00,0.0000,true,1,138120
21143352,true,כנף חצויה,,,כנף חצויה,קילוגרמים,1.00,"ק""ג",true,,0.00,0.0000,true,1,138121
21143354,true,כנפיים הקצביה,,,כנפיים הקצביה,קילוגרמים,1.00,"ק""ג",true,,0.00,0.0000,true,1,138122
21143401,true,שווארמה) פרגית     (,,,שווארמה) פרגית     (,קילוגרמים,1.00,"ק""ג",true,,0.00,0.0000,true,1,138123
21143403,true,פרגית הקצביה,,,פרגית הקצביה,קילוגרמים,1.00,"ק""ג",true,,0.00,0.0000,true,1,138124
21143404,true,פרגית פרוסה הקצביה,,,פרגית פרוסה הקצביה,קילוגרמים,1.00,"ק""ג",true,,0.00,0.0000,true,1,138125
21143405,true,נתח פרגית טרי,,,נתח פרגית טרי,קילוגרמים,1.00,"ק""ג",true,,0.00,0.0000,true,1,138126
21143444,true,סטייק פרגית ע.ע    .,,,סטייק פרגית ע.ע    .,קילוגרמים,1.00,"ק""ג",true,,0.00,0.0000,true,1,138127
21143505,true,גרון עוף,,,גרון עוף,קילוגרמים,1.00,"ק""ג",true,,0.00,0.0000,true,1,138128
21143601,true,כבד טרי,,,כבד טרי,קילוגרמים,1.00,"ק""ג",true,,0.00,0.0000,true,1,138129
21143605,true,כבד פטם הקצביה,,,כבד פטם הקצביה,קילוגרמים,1.00,"ק""ג",true,,0.00,0.0000,true,1,138130
21143651,true,קורקבן טרי,,,קורקבן טרי,קילוגרמים,1.00,"ק""ג",true,,0.00,0.0000,true,1,138131
21143701,true,לב טרי,,,לב טרי,קילוגרמים,1.00,"ק""ג",true,,0.00,0.0000,true,1,138132
21143704,true,לבבות פטם,,,לבבות פטם,קילוגרמים,1.00,"ק""ג",true,,0.00,0.0000,true,1,138133
21143705,true,לבבות פטם חצוי,,,לבבות פטם חצוי,קילוגרמים,1.00,"ק""ג",true,,0.00,0.0000,true,1,138134
21143751,true,טחול טרי,,,טחול טרי,קילוגרמים,1.00,"ק""ג",true,,0.00,0.0000,true,1,138135
21144055,true,חזה טרי,,,חזה טרי,קילוגרמים,1.00,"ק""ג",true,,0.00,0.0000,true,1,138136
21144057,true,חזה חצוי הקצביה,,,חזה חצוי הקצביה,קילוגרמים,1.00,"ק""ג",true,,0.00,0.0000,true,1,138137
21144103,true,שניצל פרוס,,,שניצל פרוס,קילוגרמים,1.00,"ק""ג",true,,0.00,0.0000,true,1,138138
21144106,true,שניצל דק דק,,,שניצל דק דק,קילוגרמים,1.00,"ק""ג",true,,0.00,0.0000,true,1,138139
21144107,true,שניצל דק הקצביה,,,שניצל דק הקצביה,קילוגרמים,1.00,"ק""ג",true,,0.00,0.0000,true,1,138140
21144202,true,כרעיים טרי,,,כרעיים טרי,קילוגרמים,1.00,"ק""ג",true,,0.00,0.0000,true,1,138141
21144204,true,כרעיים חתוכות בלי עו,,,כרעיים חתוכות בלי עו,קילוגרמים,1.00,"ק""ג",true,,0.00,0.0000,true,1,138142
21144206,true,כרעיים הקצביה,,,כרעיים הקצביה,קילוגרמים,1.00,"ק""ג",true,,0.00,0.0000,true,1,138143
21144252,true,ירכיים טרי,,,ירכיים טרי,קילוגרמים,1.00,"ק""ג",true,,0.00,0.0000,true,1,138144
21144300,true,קוקטייל טרי,,,קוקטייל טרי,קילוגרמים,1.00,"ק""ג",true,,0.00,0.0000,true,1,138145
21144302,true,שוקיים טרי,,,שוקיים טרי,קילוגרמים,1.00,"ק""ג",true,,0.00,0.0000,true,1,138146
21144304,true,שוקיים הקצביה,,,שוקיים הקצביה,קילוגרמים,1.00,"ק""ג",true,,0.00,0.0000,true,1,138147
21144352,true,כנפיים טרי,,,כנפיים טרי,קילוגרמים,1.00,"ק""ג",true,,0.00,0.0000,true,1,138148
21144354,true,כנפיים הקצביה,,,כנפיים הקצביה,קילוגרמים,1.00,"ק""ג",true,,0.00,0.0000,true,1,138149
21144402,true,שוארמה טרי,,,שוארמה טרי,קילוגרמים,1.00,"ק""ג",true,,0.00,0.0000,true,1,138150
21144404,true,פרגית הקצביה,,,פרגית הקצביה,קילוגרמים,1.00,"ק""ג",true,,0.00,0.0000,true,1,138151
21144405,true,פרגית פרוסה הקצביה,,,פרגית פרוסה הקצביה,קילוגרמים,1.00,"ק""ג",true,,0.00,0.0000,true,1,138152
21144445,true,סטייק פרגיות ארוז,,,סטייק פרגיות ארוז,קילוגרמים,1.00,"ק""ג",true,,0.00,0.0000,true,1,138153
21144502,true,פילה טרי,,,פילה טרי,קילוגרמים,1.00,"ק""ג",true,,0.00,0.0000,true,1,138154
21144504,true,פילה פטם הקצביה,,,פילה פטם הקצביה,קילוגרמים,1.00,"ק""ג",true,,0.00,0.0000,true,1,138155
21144505,true,גרון עוף ארוז,,,גרון עוף ארוז,קילוגרמים,1.00,"ק""ג",true,,0.00,0.0000,true,1,138156
21144602,true,כבד טרי,,,כבד טרי,קילוגרמים,1.00,"ק""ג",true,,0.00,0.0000,true,1,138157
21144604,true,כבד פטם הקצביה,,,כבד פטם הקצביה,קילוגרמים,1.00,"ק""ג",true,,0.00,0.0000,true,1,138158
21144652,true,קורקבן טרי,,,קורקבן טרי,קילוגרמים,1.00,"ק""ג",true,,0.00,0.0000,true,1,138159
21144702,true,לבבות טרי,,,לבבות טרי,קילוגרמים,1.00,"ק""ג",true,,0.00,0.0000,true,1,138160
21144752,true,טחול טרי,,,טחול טרי,קילוגרמים,1.00,"ק""ג",true,,0.00,0.0000,true,1,138161
21145003,true,זוג פרגית במגש 8 יח,,,זוג פרגית במגש 8 יח,קילוגרמים,1.00,"ק""ג",true,,0.00,0.0000,true,1,138162
21145004,true,פרגית אמיתית 16 יח ת,,,פרגית אמיתית 16 יח ת,קילוגרמים,1.00,"ק""ג",true,,0.00,0.0000,true,1,138163
22143506,true,כנפית פטם,,,כנפית פטם,קילוגרמים,1.00,"ק""ג",true,,0.00,0.0000,true,1,138165
31133001,true,שלם נקבה,,,שלם נקבה,קילוגרמים,1.00,"ק""ג",true,,0.00,0.0000,true,1,138166
31143030,true,חזה זכר חצוי ללא פיל,,,חזה זכר חצוי ללא פיל,קילוגרמים,1.00,"ק""ג",true,,0.00,0.0000,true,1,138167
31143054,true,חזה זכר חצוי טרי,,,חזה זכר חצוי טרי,קילוגרמים,1.00,"ק""ג",true,,0.00,0.0000,true,1,138168
31143055,true,חזה נקבה חצוי טרי,,,חזה נקבה חצוי טרי,קילוגרמים,1.00,"ק""ג",true,,0.00,0.0000,true,1,138169
31143056,true,פרפר זכר טרי,,,פרפר זכר טרי,קילוגרמים,1.00,"ק""ג",true,,0.00,0.0000,true,1,138170
31143057,true,פרפר נקבה טרי,,,פרפר נקבה טרי,קילוגרמים,1.00,"ק""ג",true,,0.00,0.0000,true,1,138171
31143058,true,חזה זכר חצוי ע.ע,,,חזה זכר חצוי ע.ע,קילוגרמים,1.00,"ק""ג",true,,0.00,0.0000,true,1,138172
31143060,true,"חזה פרפר ע""ע זכר",,,"חזה פרפר ע""ע זכר",קילוגרמים,1.00,"ק""ג",true,,0.00,0.0000,true,1,138173
31143061,true,"חזה פרפר ע""ע נקבה",,,"חזה פרפר ע""ע נקבה",קילוגרמים,1.00,"ק""ג",true,,0.00,0.0000,true,1,138174
31143070,true,פילה הודו,,,פילה הודו,קילוגרמים,1.00,"ק""ג",true,,0.00,0.0000,true,1,138175
31143150,true,נתחים,,,נתחים,קילוגרמים,1.00,"ק""ג",true,,0.00,0.0000,true,1,138176
31143175,true,חתיכות,,,חתיכות,קילוגרמים,1.00,"ק""ג",true,,0.00,0.0000,true,1,138177
31143251,true,"ירך זכר ע""ע",,,"ירך זכר ע""ע",קילוגרמים,1.00,"ק""ג",true,,0.00,0.0000,true,1,138178
31143300,true,שוק זכר טרי,,,שוק זכר טרי,קילוגרמים,1.00,"ק""ג",true,,0.00,0.0000,true,1,138179
31143301,true,שוק נקבה טרי,,,שוק נקבה טרי,קילוגרמים,1.00,"ק""ג",true,,0.00,0.0000,true,1,138180
31143325,true,שוק מפורק,,,שוק מפורק,קילוגרמים,1.00,"ק""ג",true,,0.00,0.0000,true,1,138181
31143332,true,שוק הודו נקבה תפזורת,,,שוק הודו נקבה תפזורת,קילוגרמים,1.00,"ק""ג",true,,0.00,0.0000,true,1,139447
31143350,true,כנף זכר טרי,,,כנף זכר טרי,קילוגרמים,1.00,"ק""ג",true,,0.00,0.0000,true,1,138182
31143352,true,כנף נקבה טרי,,,כנף נקבה טרי,קילוגרמים,1.00,"ק""ג",true,,0.00,0.0000,true,1,138183
31143375,true,כנף הודו מפורק,,,כנף הודו מפורק,קילוגרמים,1.00,"ק""ג",true,,0.00,0.0000,true,1,138184
31143400,true,שווארמה זכר טרי,,,שווארמה זכר טרי,קילוגרמים,1.00,"ק""ג",true,,0.00,0.0000,true,1,138185
31143425,true,שווארמה נקבה טרי,,,שווארמה נקבה טרי,קילוגרמים,1.00,"ק""ג",true,,0.00,0.0000,true,1,138186
31143443,true,שווארמה הודו נקבה,,,שווארמה הודו נקבה,קילוגרמים,1.00,"ק""ג",true,,0.00,0.0000,true,1,138272
31143450,true,שישליק טרי,,,שישליק טרי,קילוגרמים,1.00,"ק""ג",true,,0.00,0.0000,true,1,138187
31143500,true,גרון נקבה,,,גרון נקבה,קילוגרמים,1.00,"ק""ג",true,,0.00,0.0000,true,1,138188
31143501,true,גרון זכר,,,גרון זכר,קילוגרמים,1.00,"ק""ג",true,,0.00,0.0000,true,1,138189
31143571,true,זנבות עם עצם,,,זנבות עם עצם,קילוגרמים,1.00,"ק""ג",true,,0.00,0.0000,true,1,138190
31143600,true,כבד טרי,,,כבד טרי,קילוגרמים,1.00,"ק""ג",true,,0.00,0.0000,true,1,138191
31143650,true,קורקבן טרי,,,קורקבן טרי,קילוגרמים,1.00,"ק""ג",true,,0.00,0.0000,true,1,138192
31143700,true,לב טרי,,,לב טרי,קילוגרמים,1.00,"ק""ג",true,,0.00,0.0000,true,1,138193
31143750,true,טחול,,,טחול,קילוגרמים,1.00,"ק""ג",true,,0.00,0.0000,true,1,138194
31143801,true,אשכים,,,אשכים,קילוגרמים,1.00,"ק""ג",true,,0.00,0.0000,true,1,138195
31144053,true,חזה ה.נ.טרי,,,חזה ה.נ.טרי,קילוגרמים,1.00,"ק""ג",true,,0.00,0.0000,true,1,138196
31144154,true,נתחי הודו טרי,,,נתחי הודו טרי,קילוגרמים,1.00,"ק""ג",true,,0.00,0.0000,true,1,138197
31144302,true,שוק ה.נ טרי,,,שוק ה.נ טרי,קילוגרמים,1.00,"ק""ג",true,,0.00,0.0000,true,1,138198
31144326,true,בשר אדום טרי,,,בשר אדום טרי,קילוגרמים,1.00,"ק""ג",true,,0.00,0.0000,true,1,138199
31144357,true,כנפיים ה.נ.טרי,,,כנפיים ה.נ.טרי,קילוגרמים,1.00,"ק""ג",true,,0.00,0.0000,true,1,138200
31144426,true,שווארמה ה.נ.טרי,,,שווארמה ה.נ.טרי,קילוגרמים,1.00,"ק""ג",true,,0.00,0.0000,true,1,138201
31144451,true,שישליק טרי,,,שישליק טרי,קילוגרמים,1.00,"ק""ג",true,,0.00,0.0000,true,1,138202
31144502,true,גרון הודו טרי,,,גרון הודו טרי,קילוגרמים,1.00,"ק""ג",true,,0.00,0.0000,true,1,138203
31144601,true,כבד הודו טרי,,,כבד הודו טרי,קילוגרמים,1.00,"ק""ג",true,,0.00,0.0000,true,1,138204
31144651,true,קורקבן הודו טרי,,,קורקבן הודו טרי,קילוגרמים,1.00,"ק""ג",true,,0.00,0.0000,true,1,138205
31144701,true,לב הודו טרי,,,לב הודו טרי,קילוגרמים,1.00,"ק""ג",true,,0.00,0.0000,true,1,138206
31144801,true,אשכים ארוז,,,אשכים ארוז,קילוגרמים,1.00,"ק""ג",true,,0.00,0.0000,true,1,138207
31333011,true,שוק מפורק פרוס,,,שוק מפורק פרוס,קילוגרמים,1.00,"ק""ג",true,,0.00,0.0000,true,1,138208
40052403,false,קיט קט 4 אצבעות 41.5,,,קיט קט 4 אצבעות 41.5,גרמים,41.00,100 גרם,false,,4.50,0.1098,true,1,134500
40057798,true,סוכריות סמרטיז 38 גר,,,סוכריות סמרטיז 38 גר,,0.00,,false,,0.00,0.0000,true,1,138285
40084107,false,קינדר ביצת הפתעה 20,,,קינדר ביצת הפתעה 20,גרמים,20.00,100 גרם,false,,4.90,0.2450,true,1,132957
54088191,true,קינדר ביצת הפתעה 20,,,קינדר ביצת הפתעה 20,,0.00,,false,,5.00,0.0000,true,1,134753
66611304,true,מפעל-מהדרין -אפונה3,,,מפעל-מהדרין -אפונה3,,0.00,,false,,2999.90,0.0000,true,1,136417
70001595,true,מפעל-שקית 50/70 גליל,,,מפעל-שקית 50/70 גליל,,0.00,,false,,2999.90,0.0000,true,1,137702
72940754,false,מילקי מעדן וניל עם ק,,,מילקי מעדן וניל עם ק,גרמים,133.00,100 גרם,false,,2.70,0.0203,true,1,140871
72940761,false,"מילקי שוקולד 170 מ""ל",,,"מילקי שוקולד 170 מ""ל",מיליליטרים,170.00,"100 מ""ל",false,,2.70,0.0159,true,1,132827
72940952,false,מילקי אקסטרה קצפת 17,,,מילקי אקסטרה קצפת 17,מיליליטרים,170.00,"100 מ""ל",false,,3.50,0.0206,true,1,152908
72961506,false,פרילי תות 1.5% 125 מ,,,פרילי תות 1.5% 125 מ,מיליליטרים,125.00,"100 מ""ל",false,,3.30,0.0264,true,1,157899
72961520,false,פרילי אננס 1.5% 125,,,פרילי אננס 1.5% 125,מיליליטרים,125.00,"100 מ""ל",false,,3.30,0.0264,true,1,158192
72961544,false,באדי יוגרט תות גביע,,,באדי יוגרט תות גביע,מיליליטרים,125.00,"100 מ""ל",false,,3.00,0.0240,true,1,140383
72993637,false,דני מעדן חלב בטעם שו,,,דני מעדן חלב בטעם שו,גרמים,125.00,100 גרם,false,,2.50,0.0200,true,1,132829
72994061,false,פסק זמן 2 גוד עלית 3,,,פסק זמן 2 גוד עלית 3,גרמים,36.00,100 גרם,false,,4.90,0.1361,true,1,148170
80001461,false,חטיף גרדנה שוקולד 38,,,חטיף גרדנה שוקולד 38,גרמים,38.00,100 גרם,false,,4.90,0.1289,true,1,144396
80001911,false,וופל גרדנה שוק' לבן,,,וופל גרדנה שוק' לבן,גרמים,38.00,100 גרם,false,,3.90,0.1026,true,1,154490
80050049,true,קינדר ביצת הפתעה 20,,,קינדר ביצת הפתעה 20,,0.00,,false,,5.00,0.0000,true,1,134755
80052760,false,קינדר בואנו חלב 43 ג,,,קינדר בואנו חלב 43 ג,גרמים,43.00,100 גרם,false,,3.40,0.0791,true,1,132965
80136194,false,קינדר הפי היפו אגוז,,,קינדר הפי היפו אגוז,גרמים,103.50,100 גרם,false,,12.50,0.1208,true,1,139901
80141301,true,מפעל -A6פריניר עגב מ,,,מפעל -A6פריניר עגב מ,קילוגרמים,1.00,"ק""ג",true,,2999.90,2999.9000,true,1,136413
80177173,false,ממרח אגוזי לוז עם קק,,,ממרח אגוזי לוז עם קק,גרמים,350.00,100 גרם,false,,12.90,0.0369,true,1,139910
80177609,false,אצבעות שוקולד במילוי,,,אצבעות שוקולד במילוי,גרמים,50.00,100 גרם,false,,3.40,0.0680,true,1,139194
80761761,false,קינדר בואנו לבן 39 ג,,,קינדר בואנו לבן 39 ג,גרמים,39.00,100 גרם,false,,3.40,0.0872,true,1,134237
80769545,false,מסטיק מנטוס פיור פרש,,,מסטיק מנטוס פיור פרש,גרמים,60.00,100 גרם,false,,9.90,0.1650,true,1,144055
80773443,false,גומי לעיסה בטעם מנטה,,,גומי לעיסה בטעם מנטה,גרמים,60.00,100 גרם,false,,8.80,0.1467,true,1,144056
80854753,false,סוכריות מנטוס מרעננו,,,סוכריות מנטוס מרעננו,גרמים,21.00,100 גרם,false,,6.90,0.3286,true,1,157502
80896081,false,מסטיק מנטוס בקבוק מע,,,מסטיק מנטוס בקבוק מע,גרמים,60.00,100 גרם,false,,8.80,0.1467,true,1,140318
80913467,false,מסטיק מנטוס מנטה מעו,,,מסטיק מנטוס מנטה מעו,גרמים,60.00,100 גרם,false,,8.80,0.1467,true,1,144058
80974482,false,ביצת קינדר ג'וי תכלת,,,ביצת קינדר ג'וי תכלת,גרמים,20.00,100 גרם,false,,5.90,0.2950,true,1,132967
80986348,false,מסטיק מנטוס בקבוק מע,,,מסטיק מנטוס בקבוק מע,גרמים,60.00,100 גרם,false,,9.90,0.1650,true,1,156472
87108019,false,סוכריות בגליל בטעם מ,,,סוכריות בגליל בטעם מ,גרמים,37.50,100 גרם,false,,3.50,0.0933,true,1,147036
87108538,false,סוכריות בגליל בטעם ת,,,סוכריות בגליל בטעם ת,גרמים,37.00,100 גרם,false,,3.50,0.0946,true,1,140056
87311396,false,סוכריות מנטוס ריינבו,,,סוכריות מנטוס ריינבו,גרמים,37.50,100 גרם,false,,3.50,0.0933,true,1,140057
87354041,false,סוכריות מנטוס גליל ד,,,סוכריות מנטוס גליל ד,גרמים,37.50,100 גרם,false,,3.50,0.0933,true,1,154239
88888000,true,,,,,,0.00,,false,,0.00,0.0000,true,1,148388
88888001,true,אוכל,,,אוכל,,0.00,,false,,0.00,0.0000,true,1,148389
88888002,true,שתיה,,,שתיה,,0.00,,false,,0.00,0.0000,true,1,148390
88888003,true,אימפולס,,,אימפולס,,0.00,,false,,0.00,0.0000,true,1,162314
88888004,true,תוספות לקפה,,,תוספות לקפה,,0.00,,false,,0.00,0.0000,true,1,148391
88888005,true,חומרי גלם,,,חומרי גלם,,0.00,,false,,0.00,0.0000,true,1,148392
88888006,true,פירות וירקות,,,פירות וירקות,,0.00,,false,,0.00,0.0000,true,1,162315
88888008,true,ללא מעמ,,,ללא מעמ,,0.00,,false,,0.00,0.0000,true,1,148393
88888009,true,ניר פוד,,,ניר פוד,,0.00,,false,,0.00,0.0000,true,1,162316
88888010,true,אלכוהול,,,אלכוהול,,0.00,,false,,0.00,0.0000,true,1,162317
88888014,true,נון פוד,,,נון פוד,,0.00,,false,,0.00,0.0000,true,1,162318
88888016,true,תפעול,,,תפעול,,0.00,,false,,0.00,0.0000,true,1,162319
88888018,true,שוויצריה הקטנה,,,שוויצריה הקטנה,,0.00,,false,,0.00,0.0000,true,1,148394
88888100,true,"מפעל-ללא מע""מ",,,"מפעל-ללא מע""מ",,0.00,,false,,0.00,0.0000,true,1,148395
88888102,true,גלידות ושלגונים,,,גלידות ושלגונים,,0.00,,false,,0.00,0.0000,true,1,148396
88888119,true,מאפים,,,מאפים,,0.00,,false,,0.00,0.0000,true,1,162320
88888124,true,משקאות לא אלכוהוליים,,,משקאות לא אלכוהוליים,,0.00,,false,,0.00,0.0000,true,1,162321
88888144,true,קינוחים,,,קינוחים,,0.00,,false,,0.00,0.0000,true,1,162322
88888156,true,פירות וירקות לסחיטה,,,פירות וירקות לסחיטה,,0.00,,false,,0.00,0.0000,true,1,148397
88888158,true,מוצרי מכולת,,,מוצרי מכולת,,0.00,,false,,0.00,0.0000,true,1,148398
88888159,true,משקאות,,,משקאות,,0.00,,false,,0.00,0.0000,true,1,148399
88888160,true,מצוננים,,,מצוננים,,0.00,,false,,0.00,0.0000,true,1,148400
88888161,true,קפואים,,,קפואים,,0.00,,false,,0.00,0.0000,true,1,148401
88888162,true,ירקות ופירות טריים,,,ירקות ופירות טריים,,0.00,,false,,0.00,0.0000,true,1,148402
88888164,true,מוצרים לבית,,,מוצרים לבית,,0.00,,false,,0.00,0.0000,true,1,148403
88888165,true,י שירות/ עזר לסניפים,,,י שירות/ עזר לסניפים,,0.00,,false,,0.00,0.0000,true,1,148404
88888166,true,ארוחות מבושלות,,,ארוחות מבושלות,,0.00,,false,,0.00,0.0000,true,1,148405
88888167,true,אריזות לזכיינים,,,אריזות לזכיינים,,0.00,,false,,0.00,0.0000,true,1,162323
88888168,true,זיכויים,,,זיכויים,,0.00,,false,,0.00,0.0000,true,1,148406
88888169,true,אבזרי עזר וייצור,,,אבזרי עזר וייצור,,0.00,,false,,0.00,0.0000,true,1,148407
88888170,true,מזון טרי,,,מזון טרי,,0.00,,false,,0.00,0.0000,true,1,148408
88888171,true,משקאות קרון,,,משקאות קרון,,0.00,,false,,0.00,0.0000,true,1,148409
88888172,true,ירקות ופירות מעמ,,,ירקות ופירות מעמ,,0.00,,false,,0.00,0.0000,true,1,148410
88888173,true,ל-חומרי גלם ואביזרים,,,ל-חומרי גלם ואביזרים,,0.00,,false,,0.00,0.0000,true,1,148411
88888174,true,מפעל-תוצרת גמורה,,,מפעל-תוצרת גמורה,,0.00,,false,,0.00,0.0000,true,1,148412
88888175,true,סיגריות,,,סיגריות,,0.00,,false,,0.00,0.0000,true,1,148413
88888176,true,מאפה טרי פרדס,,,מאפה טרי פרדס,,0.00,,false,,0.00,0.0000,true,1,148414
88888177,true,קצבייה פרדס,,,קצבייה פרדס,,0.00,,false,,0.00,0.0000,true,1,148415
88888178,true,ואביזרים (ללא מלאי),,,ואביזרים (ללא מלאי),,0.00,,false,,0.00,0.0000,true,1,148416
88888179,true,פירות יבשים ללא מעמ,,,פירות יבשים ללא מעמ,,0.00,,false,,0.00,0.0000,true,1,152425
88888999,true,,,,,,0.00,,false,,0.00,0.0000,true,1,148417
90087974,false,חומץ טבעי מתפוחים רא,,,חומץ טבעי מתפוחים רא,מיליליטרים,750.00,"100 מ""ל",false,,12.90,0.0172,true,1,158592
90162602,false,משקה אנרגיה רד בול 2,,,משקה אנרגיה רד בול 2,מיליליטרים,250.00,"100 מ""ל",false,,6.90,0.0276,true,1,145505
90162800,false,משקה אנרגיה רד בול ל,,,משקה אנרגיה רד בול ל,מיליליטרים,250.00,"100 מ""ל",false,,6.90,0.0276,true,1,145506
124076411,true,כוס אספרסו - די סי1,,,כוס אספרסו - די סי1,,0.00,,false,,2999.90,0.0000,true,1,137460
128902555,true,מפעל-סלמון פילה אפוי,,,מפעל-סלמון פילה אפוי,קילוגרמים,1.00,"ק""ג",true,,2999.90,2999.9000,true,1,138526
128910367,true,מפעל-קסטן דגנים,,,מפעל-קסטן דגנים,,0.00,,false,,0.00,0.0000,true,1,139664
212105302,true,מפעל-שום כתוש בדלי5,,,מפעל-שום כתוש בדלי5,,0.00,,false,,2999.90,0.0000,true,1,136010
701504420,true,מפעל-ספטוקל בלון 20,,,מפעל-ספטוקל בלון 20,,0.00,,false,,0.00,0.0000,true,1,137057
702303420,true,מפעל -QUICKDESבלון1,,,מפעל -QUICKDESבלון1,,0.00,,false,,0.00,0.0000,true,1,137058
702349420,true,מפעל MS -TOPבלון 20,,,מפעל MS -TOPבלון 20,,0.00,,false,,0.00,0.0000,true,1,137052
710758425,true,"מפעל -ZA28מיכל 25 ק""",,,"מפעל -ZA28מיכל 25 ק""",,0.00,,false,,0.00,0.0000,true,1,137513
803165193,true,מפעל-ניילון רדיד מוד,,,מפעל-ניילון רדיד מוד,,0.00,,false,,0.00,0.0000,true,1,137045
803165293,true,מפעל-ניילון מודפס לס,,,מפעל-ניילון מודפס לס,,0.00,,false,,0.00,0.0000,true,1,137071
803165395,true,מפעל-ניילון מודפס לס,,,מפעל-ניילון מודפס לס,,0.00,,false,,0.00,0.0000,true,1,137072
827002109,true,מפעל -מטליותQUICKDE,,,מפעל -מטליותQUICKDE,,0.00,,false,,0.00,0.0000,true,1,137059
4023288518,false,אוכמניות יחידה,,,אוכמניות יחידה,גרמים,125.00,100 גרם,false,,19.90,0.1592,true,1,161744
5107510002,true,מפעל -חביתה מקופלת7,,,מפעל -חביתה מקופלת7,,0.00,,false,,2999.90,0.0000,true,1,135201
9800800056,false,נוטלה טו גו 52 גרם,,,נוטלה טו גו 52 גרם,גרמים,52.00,100 גרם,false,,5.00,0.0962,true,1,140726
33383220291,false,אוכמניות יחידה,,,אוכמניות יחידה,גרמים,125.00,100 גרם,false,,19.90,0.1592,true,1,156772
34000312177,false,הרשי סירופ בטעם שוקו,,,הרשי סירופ בטעם שוקו,גרמים,680.00,100 גרם,false,,19.90,0.0293,true,1,152858
38000138638,false,פרינגלס בטעם פיצה 15,,,פרינגלס בטעם פיצה 15,גרמים,158.00,100 גרם,false,,7.90,0.0500,true,1,149769
38000138720,false,פרינגלס ראנץ 158 גרם,,,פרינגלס ראנץ 158 גרם,גרמים,158.00,100 גרם,false,,7.90,0.0500,true,1,149770
38000183690,false,פרינגלס ברביקיו 71 ג,,,פרינגלס ברביקיו 71 ג,גרמים,71.00,100 גרם,false,,5.90,0.0831,true,1,139292
38000197840,false,פרינגלס wavy ברביקיו,,,פרינגלס wavy ברביקיו,גרמים,137.00,100 גרם,false,,7.90,0.0577,true,1,156903
38000202278,false,פרינגלס wavy אורגינל,,,פרינגלס wavy אורגינל,גרמים,137.00,100 גרם,false,,7.90,0.0577,true,1,156904
38000232152,false,פרינגלס ברביקיו 158,,,פרינגלס ברביקיו 158,גרמים,149.00,100 גרם,false,,7.90,0.0530,true,1,147695
38000232169,false,פרינגלס אורגינל 67 ג,,,פרינגלס אורגינל 67 ג,גרמים,67.00,100 גרם,false,,5.90,0.0881,true,1,146581
38000232183,false,פרינגלס אורגינל 149,,,פרינגלס אורגינל 149,גרמים,149.00,100 גרם,false,,7.90,0.0530,true,1,146583
38000845253,false,פרינגלס שמנת בצל 71,,,פרינגלס שמנת בצל 71,גרמים,71.00,100 גרם,false,,5.90,0.0831,true,1,138773
38527591060,false,קוואקר ריבועים סוכר,,,קוואקר ריבועים סוכר,גרמים,411.00,100 גרם,false,,18.90,0.0460,true,1,140706
40232885518,false,אוכמניות יחידה,,,אוכמניות יחידה,גרמים,125.00,100 גרם,false,,19.90,0.1592,true,1,161490
46214731552,false,עוגיות שוקולד צ'יפס,,,עוגיות שוקולד צ'יפס,גרמים,225.00,100 גרם,false,,7.90,0.0351,true,1,141663
70221011116,false,טובלרון 100 גרם,,,טובלרון 100 גרם,גרמים,100.00,100 גרם,false,,11.90,0.1190,true,1,158190
70970461805,true,מייק אנד אייק כחול5,,,מייק אנד אייק כחול5,,0.00,,false,,5.00,0.0000,true,1,136969
70970461828,true,מייק אנד אייק ורוד5,,,מייק אנד אייק ורוד5,,0.00,,false,,5.00,0.0000,true,1,136971
77975094761,false,סניידרס בטעם צ'דר 34,,,סניידרס בטעם צ'דר 34,גרמים,340.00,100 גרם,false,,16.90,0.0497,true,1,153986
77975094778,false,סניידרס דבש וחרדל 34,,,סניידרס דבש וחרדל 34,גרמים,340.00,100 גרם,false,,14.90,0.0438,true,1,154650
82184090442,true,"ג""ק דניאלס 1 ליטר",,,"ג""ק דניאלס 1 ליטר",,0.00,,false,,0.00,0.0000,true,1,138763
305210464728,false,וזלין מיני לשפתיים ק,,,וזלין מיני לשפתיים ק,גרמים,7.00,100 גרם,false,,10.90,1.5571,true,1,145164
401500011273,true,סומט נוזל לניקוי ומב,,,סומט נוזל לניקוי ומב,,0.00,,false,,5.00,0.0000,true,1,135817
608614310456,false,אוכמניות יחידה,,,אוכמניות יחידה,גרמים,125.00,100 גרם,false,,19.90,0.1592,true,1,156283
608614310463,false,אוכמניות יחידה,,,אוכמניות יחידה,גרמים,125.00,100 גרם,false,,19.90,0.1592,true,1,161779
608614331475,false,כרובית,,,כרובית,Unknown,1.00,יחידה,false,,9.90,9.9000,true,1,146008
628154383659,false,פרוטי פבלס פוסט 340,,,פרוטי פבלס פוסט 340,גרמים,311.00,100 גרם,false,,21.90,0.0704,true,1,159291
633824703392,true,וודקה ואן גוך קלאסית,,,וודקה ואן גוך קלאסית,,0.00,,false,,0.00,0.0000,true,1,138735
728229123590,false,טרה ירקות שורש בטעם,,,טרה ירקות שורש בטעם,גרמים,110.00,100 גרם,false,,14.90,0.1355,true,1,141395
729000487231,true,טילון  וניל,,,טילון  וניל,,0.00,,false,,5.00,0.0000,true,1,133112
729000513130,true,מפעל-מלפפון חמוץ במל,,,מפעל-מלפפון חמוץ במל,,0.00,,false,,0.00,0.0000,true,1,135172
729001364230,true,פסטרמה כפרית 100 גרם,,,פסטרמה כפרית 100 גרם,,0.00,,false,,5.00,0.0000,true,1,136239
729001364506,true,סלמי פריזר 100 גרם,,,סלמי פריזר 100 גרם,,0.00,,false,,5.00,0.0000,true,1,136240
729001505785,true,מיץ תפוזים עדה חרדית,,,מיץ תפוזים עדה חרדית,,0.00,,false,,0.00,0.0000,true,1,136890
729001587826,true,חרדל 370 גרם,,,חרדל 370 גרם,,0.00,,false,,5.00,0.0000,true,1,133080
729001759700,true,פמלה קלופה,,,פמלה קלופה,,0.00,,false,,12.00,0.0000,true,1,139262
729002007890,true,"כוסות ח""פ לשתייה קרה",,,"כוסות ח""פ לשתייה קרה",,0.00,,false,,5.00,0.0000,true,1,132703
729006664051,true,אקטימל 14 יחידות טבע,,,אקטימל 14 יחידות טבע,,0.00,,false,,5.00,0.0000,true,1,132815
800520048652,true,נסטי אפרסק בקבוק500,,,נסטי אפרסק בקבוק500,,0.00,,false,,5.00,0.0000,true,1,136447
807680208570,true,פסטה פנה ברילה50 73,,,פסטה פנה ברילה50 73,,0.00,,false,,5.00,0.0000,true,1,132773
835811007234,true,אפונה 500 גרם,,,אפונה 500 גרם,,0.00,,false,,5.00,0.0000,true,1,138889
839762002379,false,"איילנד מנגו 350 מ""ל",,,"איילנד מנגו 350 מ""ל",מיליליטרים,350.00,"100 מ""ל",false,,8.20,0.0234,true,1,138624
839762002386,false,"איילנד גויאבה 350 מ""",,,"איילנד גויאבה 350 מ""",מיליליטרים,350.00,"100 מ""ל",false,,6.50,0.0186,true,1,138619
853773004269,true,מפעל-אורז קלרוז22.7,,,מפעל-אורז קלרוז22.7,קילוגרמים,1.00,"ק""ג",true,,0.00,0.0000,true,1,135252
856591000109,false,עוגיות מזרחיות פריך,,,עוגיות מזרחיות פריך,גרמים,400.00,100 גרם,false,,19.90,0.0497,true,1,149784
884912126115,false,דגני גרייט גריינס דט,,,דגני גרייט גריינס דט,גרמים,453.00,100 גרם,false,,24.90,0.0550,true,1,143822
884912129512,false,קוקו פבלס פלינסון פו,,,קוקו פבלס פלינסון פו,גרמים,311.00,100 גרם,false,,21.90,0.0704,true,1,161477
884920630143,true,חמישיית בצק צבעוני ל,,,חמישיית בצק צבעוני ל,,0.00,,false,,19.90,0.0000,true,1,145519
893594002068,false,פופקורנס מלח ים 28 ג,,,פופקורנס מלח ים 28 ג,גרמים,28.00,100 גרם,false,,5.90,0.2107,true,1,133148
2586802903609,true,פסיפלורה נוזלי עדה ח,,,פסיפלורה נוזלי עדה ח,,0.00,,false,,0.00,0.0000,true,1,134968
2731258680290,true,פסיפלורה נוזלי עדה ח,,,פסיפלורה נוזלי עדה ח,,0.00,,false,,0.00,0.0000,true,1,134589
2731708652720,true,אייס לימונענע נוזלי,,,אייס לימונענע נוזלי,,0.00,,false,,0.00,0.0000,true,1,134816
3046920028004,false,שוקולד לינדט אקסלנס,,,שוקולד לינדט אקסלנס,גרמים,100.00,100 גרם,false,,14.90,0.1490,true,1,156974
3046920028363,false,שוקולד לינדט אקסלנס,,,שוקולד לינדט אקסלנס,גרמים,100.00,100 גרם,false,,14.90,0.1490,true,1,156975
3178530407938,false,מיני מדליין 175 גרם,,,מיני מדליין 175 גרם,גרמים,175.00,100 גרם,false,,11.90,0.0680,true,1,141615
3228022910023,false,חמאה צרפתית פריזידאן,,,חמאה צרפתית פריזידאן,גרמים,200.00,100 גרם,false,,14.90,0.0745,true,1,153378
3387390525960,false,דגני בוקר פריכים עם,,,דגני בוקר פריכים עם,גרמים,500.00,100 גרם,false,,22.90,0.0458,true,1,139826
3387390730852,false,דגני בוקר פיטנס נסטל,,,דגני בוקר פיטנס נסטל,גרמים,375.00,100 גרם,false,,19.90,0.0531,true,1,144173
3574660089547,false,טמפונים ללא מוליך או,,,טמפונים ללא מוליך או,Unknown,32.00,יחידה,false,,24.90,0.7781,true,1,137253
3574661552576,false,קרפרי מגן תחתון רגיל,,,קרפרי מגן תחתון רגיל,Unknown,56.00,יחידה,false,,15.90,0.2839,true,1,156006
3800020403631,false,קיט קט צ'אנקי חמאת ב,,,קיט קט צ'אנקי חמאת ב,גרמים,42.00,100 גרם,false,,4.50,0.1071,true,1,152458
3800020423578,false,קיט קט צ'אנקי חלב 40,,,קיט קט צ'אנקי חלב 40,גרמים,40.00,100 גרם,false,,4.50,0.1125,true,1,134467
4000417026002,false,שוקולד פרלין ריטר ספ,,,שוקולד פרלין ריטר ספ,גרמים,100.00,100 גרם,false,,8.90,0.0890,true,1,144408
4000417101211,false,וופל אמיצ'לי 150 גרם,,,וופל אמיצ'לי 150 גרם,גרמים,150.00,100 גרם,false,,18.90,0.1260,true,1,157229
4000417222008,false,שוקולד ריטר חלב שברי,,,שוקולד ריטר חלב שברי,גרמים,100.00,100 גרם,false,,8.90,0.0890,true,1,140325
4000522009747,false,בייגלה צ'יו מקלות תפ,,,בייגלה צ'יו מקלות תפ,גרמים,80.00,100 גרם,false,,3.90,0.0487,true,1,143826
4000522061752,false,בייגלה צ'יו מקלות 10,,,בייגלה צ'יו מקלות 10,גרמים,100.00,100 גרם,false,,3.90,0.0390,true,1,143827
4000539280740,false,שוקולד לינדט אקסלנס,,,שוקולד לינדט אקסלנס,גרמים,100.00,100 גרם,false,,14.90,0.1490,true,1,160981
4005500534600,false,שוקולד קראנץ לבן  10,,,שוקולד קראנץ לבן  10,,1.00,יח,false,,11.90,11.9000,true,1,161532
4005563194018,true,"פידג 1 ""ליטר",,,"פידג 1 ""ליטר",,0.00,,false,,0.00,0.0000,true,1,135514
4005563194025,true,"פידג 700 ""מ""ל",,,"פידג 700 ""מ""ל",,0.00,,false,,0.00,0.0000,true,1,134810
4005900555540,false,לבלו כחול אורגינל,,,לבלו כחול אורגינל,Unknown,1.00,יחידה,false,,10.90,10.9000,true,1,145411
4009300522935,false,תה ירוק לימונית ולוא,,,תה ירוק לימונית ולוא,גרמים,35.00,100 גרם,false,,16.90,0.4829,true,1,141936
4009300525684,false,חליטת לימון ג'ינג'ר,,,חליטת לימון ג'ינג'ר,גרמים,35.00,100 גרם,false,,15.90,0.4543,true,1,153501
4009900402965,false,וייט פירות בקבוקון ד,,,וייט פירות בקבוקון ד,גרמים,64.00,100 גרם,false,,9.90,0.1547,true,1,142384
4009900403023,false,וויט קלאסי בקבקון דא,,,וויט קלאסי בקבקון דא,גרמים,64.00,100 גרם,false,,9.90,0.1547,true,1,142385
4009900479998,false,אוכמניות בקבוקון דאב,,,אוכמניות בקבוקון דאב,גרמים,64.00,100 גרם,false,,9.90,0.1547,true,1,142390
4009900482417,false,בבלמינט בקבוקון דאבל,,,בבלמינט בקבוקון דאבל,גרמים,64.00,100 גרם,false,,9.90,0.1547,true,1,142391
4009900531122,false,פרופשיונל בקבוקון פפ,,,פרופשיונל בקבוקון פפ,גרמים,64.00,100 גרם,false,,9.90,0.1547,true,1,142397
4009900536486,false,אורביט רפרשרס באבלמי,,,אורביט רפרשרס באבלמי,גרמים,67.00,100 גרם,false,,11.90,0.1776,true,1,152896
4009900539401,false,מסטיק פייב מנטה 14.4,,,מסטיק פייב מנטה 14.4,גרמים,14.40,100 גרם,false,,3.90,0.2708,true,1,158788
4009900540551,false,גומי לעיסה פירות טרו,,,גומי לעיסה פירות טרו,גרמים,67.00,100 גרם,false,,11.90,0.1776,true,1,157538
4011800632519,false,קורני בייס קוקונט 15,,,קורני בייס קוקונט 15,גרמים,150.00,100 גרם,false,,10.90,0.0727,true,1,156983
4014400914696,false,סוכריות חמאה ללא סוכ,,,סוכריות חמאה ללא סוכ,גרמים,80.00,100 גרם,false,,7.90,0.0988,true,1,140050
4014400923711,false,בונבוניירה טופיפי 12,,,בונבוניירה טופיפי 12,גרמים,125.00,100 גרם,false,,11.90,0.0952,true,1,137283
4015400564454,false,מגן תחתון אולוויז מג,,,מגן תחתון אולוויז מג,גרמים,234.00,100 גרם,false,,16.90,0.0722,true,1,139944
4015400681670,false,תחבושות אולוויז וליו,,,תחבושות אולוויז וליו,גרמים,126.00,100 גרם,false,,16.90,0.1341,true,1,139963
4015400731719,false,תחבושות אולוויז וליו,,,תחבושות אולוויז וליו,גרמים,126.00,100 גרם,false,,16.90,0.1341,true,1,139945
4015400755241,false,תחבושות אולוויז וליו,,,תחבושות אולוויז וליו,גרמים,136.00,100 גרם,false,,16.90,0.1243,true,1,139947
4015400755487,false,תחבושות אולוויז וליו,,,תחבושות אולוויז וליו,גרמים,132.00,100 גרם,false,,16.90,0.1280,true,1,139965
4015400990482,false,אבקת כביסה אריאל קול,,,אבקת כביסה אריאל קול,גרמים,3000.00,100 גרם,false,,34.90,0.0116,true,1,152172
4015600762780,false,שמפו וקונדישינר לשיע,,,שמפו וקונדישינר לשיע,מיליליטרים,500.00,"100 מ""ל",false,,17.90,0.0358,true,1,151869
4015600762902,false,שמפו יומיומי מנטול ה,,,שמפו יומיומי מנטול ה,מיליליטרים,500.00,"100 מ""ל",false,,17.90,0.0358,true,1,139949
4017100198151,false,עוגיות היט וניל 220,,,עוגיות היט וניל 220,גרמים,220.00,100 גרם,false,,9.90,0.0450,true,1,135319
4033100024153,true,פאקט-וינסטון קוד,,,פאקט-וינסטון קוד,,0.00,,false,,0.00,0.0000,true,1,138444
4046237003182,true,קופיקס-יעה עם מקל 1,,,קופיקס-יעה עם מקל 1,,0.00,,false,,0.00,0.0000,true,1,134856
4066600999614,false,"פאולנר בקבוק 500 מ""ל",,,"פאולנר בקבוק 500 מ""ל",מיליליטרים,500.00,"100 מ""ל",false,,11.20,0.0224,true,1,140904
4067700013002,true,יגרמייסטר בקבוק1 ליט,,,יגרמייסטר בקבוק1 ליט,,0.00,,false,,0.00,0.0000,true,1,135525
4084500088917,false,"פיירי לימון 650 מ""ל",,,"פיירי לימון 650 מ""ל",מיליליטרים,650.00,"100 מ""ל",false,,10.90,0.0168,true,1,139952
4606203001279,true,פאקט-נקסט אורגינלFF,,,פאקט-נקסט אורגינלFF,,0.00,,false,,0.00,0.0000,true,1,138276
4710068001692,false,מאסטר קפה לאטה,,,מאסטר קפה לאטה,מיליליטרים,240.00,"100 מ""ל",false,,7.20,0.0300,true,1,138617
4710068002798,false,קפה קר בפחית בטעם ונ,,,קפה קר בפחית בטעם ונ,מיליליטרים,240.00,"100 מ""ל",false,,7.20,0.0300,true,1,144050
4770577201204,false,סלק אדום מקולף 1 קיל,,,סלק אדום מקולף 1 קיל,Unknown,1.00,יחידה,false,,9.90,9.9000,true,1,146010
4810168001056,false,פילה הרינג מלוח מצונ,,,פילה הרינג מלוח מצונ,גרמים,260.00,100 גרם,false,,18.90,0.0727,true,1,157116
4810168018795,false,חתיכות פילה דג הרינג,,,חתיכות פילה דג הרינג,גרמים,200.00,100 גרם,false,,13.90,0.0695,true,1,157117
4810168019051,false,חתיכות פילה דג הרינג,,,חתיכות פילה דג הרינג,גרמים,200.00,100 גרם,false,,13.90,0.0695,true,1,157118
4810168055899,false,פילה דג הרינג מומלח,,,פילה דג הרינג מומלח,גרמים,1200.00,100 גרם,false,,45.90,0.0382,true,1,161311
4810168058975,false,פילה דג הרינג סקנדינ,,,פילה דג הרינג סקנדינ,גרמים,260.00,100 גרם,false,,18.90,0.0727,true,1,160855
4823077602863,false,רושן סוכריות ג'לי קר,,,רושן סוכריות ג'לי קר,גרמים,200.00,100 גרם,false,,6.90,0.0345,true,1,157025
4823077613203,false,שוקולד רושן מריר עם,,,שוקולד רושן מריר עם,גרמים,90.00,100 גרם,false,,8.50,0.0944,true,1,157032
4823077613630,false,חטיף שוקולד רושן ממו,,,חטיף שוקולד רושן ממו,גרמים,43.00,100 גרם,false,,3.50,0.0814,true,1,157033
4823077614675,false,ביסקוויט לקפה רושן ב,,,ביסקוויט לקפה רושן ב,גרמים,185.00,100 גרם,false,,3.90,0.0211,true,1,159487
4823077614699,false,ביסקוויט לקפה רושן ב,,,ביסקוויט לקפה רושן ב,גרמים,185.00,100 גרם,false,,3.90,0.0211,true,1,159488
4823077614804,false,שוקולד רושן חלב נוגט,,,שוקולד רושן חלב נוגט,גרמים,90.00,100 גרם,false,,4.90,0.0544,true,1,157035
4823077617041,false,חטיף שוקולד רושן ממו,,,חטיף שוקולד רושן ממו,גרמים,43.00,100 גרם,false,,3.50,0.0814,true,1,157037
4823077618161,false,גליליות רושן קונאפטו,,,גליליות רושן קונאפטו,גרמים,140.00,100 גרם,false,,6.90,0.0493,true,1,158188
4823077618901,false,בונבוניירה רושן SHOO,,,בונבוניירה רושן SHOO,גרמים,150.00,100 גרם,false,,13.90,0.0927,true,1,157038
4823077621642,false,וופל רושן בטעם שוקול,,,וופל רושן בטעם שוקול,גרמים,72.00,100 גרם,false,,3.50,0.0486,true,1,157040
4823077621659,false,וופל רושן בטעם אגוז,,,וופל רושן בטעם אגוז,גרמים,72.00,100 גרם,false,,3.50,0.0486,true,1,157041
4823077623684,false,רושן סוכריות ממולאות,,,רושן סוכריות ממולאות,גרמים,150.00,100 גרם,false,,4.90,0.0327,true,1,157043
4823077623714,false,רושן סוכריות טופי ממ,,,רושן סוכריות טופי ממ,גרמים,150.00,100 גרם,false,,6.90,0.0460,true,1,157044
4823077624223,false,רושן ממתקי סוכריות ג,,,רושן ממתקי סוכריות ג,גרמים,200.00,100 גרם,false,,6.90,0.0345,true,1,157045
4823077624391,false,רושן סוכריות טופי מי,,,רושן סוכריות טופי מי,גרמים,185.00,100 גרם,false,,6.90,0.0373,true,1,157047
4823077625589,false,וופל רושן בטעם חלב 2,,,וופל רושן בטעם חלב 2,גרמים,216.00,100 גרם,false,,6.90,0.0319,true,1,157053
4823077625602,false,וופל רושן בטעם שוקול,,,וופל רושן בטעם שוקול,גרמים,216.00,100 גרם,false,,6.90,0.0319,true,1,157054
4823077625626,false,וופל רושן בטעם אגוז,,,וופל רושן בטעם אגוז,גרמים,216.00,100 גרם,false,,6.90,0.0319,true,1,157055
4823077626203,false,שוקולד רושן אורירי מ,,,שוקולד רושן אורירי מ,גרמים,80.00,100 גרם,false,,6.90,0.0863,true,1,157057
4823077626227,false,שוקולד רושן אורירי ח,,,שוקולד רושן אורירי ח,גרמים,80.00,100 גרם,false,,6.90,0.0863,true,1,157058
4823077626241,false,שוקולד רושן אורירי ל,,,שוקולד רושן אורירי ל,גרמים,80.00,100 גרם,false,,6.90,0.0863,true,1,157059
4823077626364,false,שוקולד אורירי לבן רו,,,שוקולד אורירי לבן רו,גרמים,80.00,100 גרם,false,,6.90,0.0863,true,1,157522
4823077630057,false,חמאה 200 גרם רושן 82,,,חמאה 200 גרם רושן 82,גרמים,200.00,100 גרם,false,,9.90,0.0495,true,1,161483
4823077630422,false,סנדוויץ' קרקר חלב ונ,,,סנדוויץ' קרקר חלב ונ,גרמים,235.00,100 גרם,false,,9.90,0.0421,true,1,161305
4823077631467,false,קרקר עם מלח ים רושן,,,קרקר עם מלח ים רושן,גרמים,168.00,100 גרם,false,,5.50,0.0327,true,1,157071
4823077631474,false,קרקר קלאסי רושן 168,,,קרקר קלאסי רושן 168,גרמים,168.00,100 גרם,false,,5.50,0.0327,true,1,157072
4823077632112,false,וופל רושן בטעם קקאו,,,וופל רושן בטעם קקאו,גרמים,216.00,100 גרם,false,,6.90,0.0319,true,1,157076
4823077632259,false,חטיף שוקולד רושן עם,,,חטיף שוקולד רושן עם,גרמים,38.00,100 גרם,false,,3.50,0.0921,true,1,157077
4823077632587,false,שוקולד רושן חלב עם ש,,,שוקולד רושן חלב עם ש,גרמים,90.00,100 גרם,false,,8.50,0.0944,true,1,157083
4823077633034,false,גליליות רושן קונאפטו,,,גליליות רושן קונאפטו,גרמים,140.00,100 גרם,false,,6.90,0.0493,true,1,157087
4823077633317,false,עוגיות לביטה שוקולד,,,עוגיות לביטה שוקולד,גרמים,150.00,100 גרם,false,,6.90,0.0460,true,1,157089
4823077633324,false,עוגיות שוקוצ'יפס לבי,,,עוגיות שוקוצ'יפס לבי,גרמים,150.00,100 גרם,false,,6.90,0.0460,true,1,157090
4823077633508,false,חטיף וופל במילוי קרם,,,חטיף וופל במילוי קרם,גרמים,34.00,100 גרם,false,,3.50,0.1029,true,1,160568
4823077633515,false,חטיף וופל במילוי קרם,,,חטיף וופל במילוי קרם,גרמים,34.00,100 גרם,false,,3.50,0.1029,true,1,160569
4823077633690,false,בונבוניירה רושן שוטר,,,בונבוניירה רושן שוטר,גרמים,150.00,100 גרם,false,,13.90,0.0927,true,1,157095
4823077634178,false,עוגיות לביטה עם מילו,,,עוגיות לביטה עם מילו,גרמים,168.00,100 גרם,false,,6.90,0.0411,true,1,157097
4823077634192,false,עוגיות לביטה עם מילו,,,עוגיות לביטה עם מילו,גרמים,168.00,100 גרם,false,,6.90,0.0411,true,1,157098
4823077634222,false,עוגיות לביטה תפוז 13,,,עוגיות לביטה תפוז 13,גרמים,135.00,100 גרם,false,,6.90,0.0511,true,1,157099
4823077634246,false,עוגיות לביטה פטל 135,,,עוגיות לביטה פטל 135,גרמים,135.00,100 גרם,false,,6.90,0.0511,true,1,157100
4823077634420,false,עוגות אישיות חלב 270,,,עוגות אישיות חלב 270,גרמים,270.00,100 גרם,false,,14.90,0.0552,true,1,157103
4823077635793,false,וופלים דקיקים רושן ב,,,וופלים דקיקים רושן ב,גרמים,55.00,100 גרם,false,,4.90,0.0891,true,1,161854
4823077635809,false,וופלים דקיקים רושן ב,,,וופלים דקיקים רושן ב,גרמים,55.00,100 גרם,false,,4.90,0.0891,true,1,161855
4823077635816,false,וופלים דקיקים רושן ב,,,וופלים דקיקים רושן ב,גרמים,55.00,100 גרם,false,,4.90,0.0891,true,1,161856
4823077636004,false,עוגיות קקאו דובדבן ל,,,עוגיות קקאו דובדבן ל,גרמים,135.00,100 גרם,false,,6.90,0.0511,true,1,159495
4823077636172,false,וופל רושן בטעם לימון,,,וופל רושן בטעם לימון,גרמים,216.00,100 גרם,false,,5.90,0.0273,true,1,159757
4891228430092,false,סכיני גילוח סנסיטיב,,,סכיני גילוח סנסיטיב,Unknown,4.00,יחידה,false,,14.90,3.7250,true,1,149761
4903001904192,false,רוטב סויה יאמסה 500,,,רוטב סויה יאמסה 500,מיליליטרים,500.00,"100 מ""ל",false,,17.90,0.0358,true,1,140322
4976879102489,true,מפעל-סאקה יפני -הוקא,,,מפעל-סאקה יפני -הוקא,,0.00,,false,,0.00,0.0000,true,1,135367
5000146057710,false,וינדולין ספריי לניקו,,,וינדולין ספריי לניקו,מיליליטרים,750.00,"100 מ""ל",false,,8.90,0.0119,true,1,154716
5000157143365,false,רוטב טעם מיונז וקטשו,,,רוטב טעם מיונז וקטשו,מיליליטרים,425.00,"100 מ""ל",false,,15.90,0.0374,true,1,148244
5000159407236,false,חטיף מרס 51 גרם,,,חטיף מרס 51 גרם,גרמים,51.00,100 גרם,false,,3.90,0.0765,true,1,133757
5000159452540,false,מאגדת סניקרס 5*50 גר,,,מאגדת סניקרס 5*50 גר,גרמים,250.00,100 גרם,false,,12.90,0.0516,true,1,147743
5000159459266,true,טוויקס 50 גרם,,,טוויקס 50 גרם,,0.00,,false,,5.00,0.0000,true,1,135357
5000159461139,true,סניקרס 50 גרם,,,סניקרס 50 גרם,,0.00,,false,,5.00,0.0000,true,1,135358
5000159538626,false,מאגדת טוויקס 5*50 גר,,,מאגדת טוויקס 5*50 גר,גרמים,250.00,100 גרם,false,,12.90,0.0516,true,1,154246
5000159538640,false,מאגדת באונטי 5*57 גר,,,מאגדת באונטי 5*57 גר,גרמים,285.00,100 גרם,false,,12.90,0.0453,true,1,154247
5000204182057,false,גלייד ג'ל ריחני בניח,,,גלייד ג'ל ריחני בניח,גרמים,180.00,100 גרם,false,,15.90,0.0883,true,1,154629
5010182998861,false,נוזל לניקוי אסלה ירו,,,נוזל לניקוי אסלה ירו,מיליליטרים,750.00,"100 מ""ל",false,,9.90,0.0132,true,1,151689
5010327000039,true,"ווסקי גראנט""ס 1 ליטר",,,"ווסקי גראנט""ס 1 ליטר",,0.00,,false,,0.00,0.0000,true,1,135559
5010677554398,false,משקה אלכוהולי 4% אבט,,,משקה אלכוהולי 4% אבט,מיליליטרים,275.00,"100 מ""ל",false,,13.20,0.0480,true,1,140907
5011007003005,false,וויסקי אירי ג'יימסון,,,וויסקי אירי ג'יימסון,מיליליטרים,700.00,"100 מ""ל",false,,100.90,0.1441,true,1,137299
5014271300429,false,מעדן משמש 284 גרם סא,,,מעדן משמש 284 גרם סא,גרמים,284.00,100 גרם,false,,19.90,0.0701,true,1,141622
5014271310428,false,מעדן דבדבן שחור 284,,,מעדן דבדבן שחור 284,גרמים,284.00,100 גרם,false,,19.90,0.0701,true,1,141623
5035766060253,false,בירה מרפיס פחית סטאו,,,בירה מרפיס פחית סטאו,מיליליטרים,500.00,"100 מ""ל",false,,12.90,0.0258,true,1,140903
5060517886486,false,משקה אנרגיה מונסטר א,,,משקה אנרגיה מונסטר א,מיליליטרים,500.00,"100 מ""ל",false,,7.50,0.0150,true,1,146128
5060517886516,false,משקה אנרגיה זירו מונ,,,משקה אנרגיה זירו מונ,מיליליטרים,500.00,"100 מ""ל",false,,8.20,0.0164,true,1,146129
5060639128051,false,משקה אנרגיה זירו ללא,,,משקה אנרגיה זירו ללא,מיליליטרים,500.00,"100 מ""ל",false,,7.30,0.0146,true,1,152048
5060751218173,false,משקה אנרגיה מונסטר 5,,,משקה אנרגיה מונסטר 5,מיליליטרים,500.00,"100 מ""ל",false,,7.50,0.0150,true,1,159566
5201940010110,false,זיתים שחורים מזן קלמ,,,זיתים שחורים מזן קלמ,גרמים,454.00,100 גרם,false,,14.90,0.0328,true,1,152720
5202287008020,false,צלחות חד פעמיות גדול,,,צלחות חד פעמיות גדול,Unknown,50.00,יחידה,false,,12.90,0.2580,true,1,139682
5410076933129,false,אבקת כביסה אריאל שוש,,,אבקת כביסה אריאל שוש,פריט,3.00,"ק""ג",false,,34.90,11.6333,true,1,139971
5410126006087,false,עוגיות לוטוס 700 גרם,,,עוגיות לוטוס 700 גרם,גרמים,700.00,100 גרם,false,,23.90,0.0341,true,1,147551
5410126106183,false,ביסקויט ביסקפה לוטוס,,,ביסקויט ביסקפה לוטוס,גרמים,312.00,100 גרם,false,,19.90,0.0638,true,1,139155
5410126116953,false,לוטוס ממרח ביסקוויט,,,לוטוס ממרח ביסקוויט,גרמים,400.00,100 גרם,false,,19.90,0.0497,true,1,139954
5410126666038,false,ביסקוויט בטעם קרמל ל,,,ביסקוויט בטעם קרמל ל,גרמים,279.00,100 גרם,false,,11.90,0.0427,true,1,152691
5410291022011,false,צ'וקטה ממרח אגוזי לו,,,צ'וקטה ממרח אגוזי לו,גרמים,350.00,100 גרם,false,,10.90,0.0311,true,1,139124
5410291022738,false,צ'וקטה ממרח דואו 350,,,צ'וקטה ממרח דואו 350,גרמים,350.00,100 גרם,false,,10.90,0.0311,true,1,140300
5411188110835,false,אלפרו משקה שקדים 1 ל,,,אלפרו משקה שקדים 1 ל,מיליליטרים,1000.00,"100 מ""ל",false,,12.90,0.0129,true,1,137257
5411188112709,false,אלפרו משקה שקדים ללס,,,אלפרו משקה שקדים ללס,מיליליטרים,1000.00,"100 מ""ל",false,,12.90,0.0129,true,1,141667
5411188115472,false,אלפרו משקה סויה 1 לי,,,אלפרו משקה סויה 1 לי,מיליליטרים,1000.00,"100 מ""ל",false,,11.90,0.0119,true,1,154285
5411188120742,false,אלפרו משקה שקדים וני,,,אלפרו משקה שקדים וני,מיליליטרים,1000.00,"100 מ""ל",false,,12.90,0.0129,true,1,144625
5411188134985,false,אלפרו שיבולת שועל 3.,,,אלפרו שיבולת שועל 3.,מיליליטרים,1000.00,"100 מ""ל",false,,13.90,0.0139,true,1,156067
5411188135005,false,אלפרו שיבולת שועל 1.,,,אלפרו שיבולת שועל 1.,מיליליטרים,1000.00,"100 מ""ל",false,,13.90,0.0139,true,1,156068
5411188543398,false,"אלפרו משקה סויה לל""ס",,,"אלפרו משקה סויה לל""ס",מיליליטרים,1000.00,"100 מ""ל",false,,11.90,0.0119,true,1,152284
5566774568870,false,"סיר מיני שף 14 ס""מ",,,"סיר מיני שף 14 ס""מ",Unknown,1.00,יחידה,false,,44.90,44.9000,true,1,143197
5566774570507,false,סיר יציקה משובח 20 ס,,,סיר יציקה משובח 20 ס,Unknown,1.00,יחידה,false,,79.90,79.9000,true,1,146479
5566774570682,false,מחבת לפנקייק +מקל,,,מחבת לפנקייק +מקל,Unknown,1.00,יחידה,false,,54.90,54.9000,true,1,146486
5566774571122,false,סכין רב שימושית משוב,,,סכין רב שימושית משוב,Unknown,1.00,יחידה,false,,9.90,9.9000,true,1,148156
5601008200444,false,עוגיות גודיס טבעות מ,,,עוגיות גודיס טבעות מ,גרמים,150.00,100 גרם,false,,6.90,0.0460,true,1,141669
5601008200468,false,עוגיות גודיס טבעות מ,,,עוגיות גודיס טבעות מ,גרמים,150.00,100 גרם,false,,6.90,0.0460,true,1,144634
5701932026964,false,פופקורן למיקרוגל בתו,,,פופקורן למיקרוגל בתו,גרמים,600.00,100 גרם,false,,14.80,0.0247,true,1,144422
5701932026971,false,פופקורן למיקרוגל בטע,,,פופקורן למיקרוגל בטע,גרמים,600.00,100 גרם,false,,14.80,0.0247,true,1,144423
5701932026995,false,פופקורן בטעם טבעי הו,,,פופקורן בטעם טבעי הו,גרמים,510.00,100 גרם,false,,15.90,0.0312,true,1,147975
5740900403215,false,ממרח לורפק עם מלח 25,,,ממרח לורפק עם מלח 25,גרמים,250.00,100 גרם,false,,16.90,0.0676,true,1,142110
5740900403239,false,ממרח לורפק בלי מלח 2,,,ממרח לורפק בלי מלח 2,גרמים,250.00,100 גרם,false,,16.90,0.0676,true,1,142112
5740900403284,false,חמאה ללא מלח לורפק 2,,,חמאה ללא מלח לורפק 2,גרמים,200.00,100 גרם,false,,10.90,0.0545,true,1,152214
5740900403864,false,חמאה עם מלח לורפק 20,,,חמאה עם מלח לורפק 20,גרמים,200.00,100 גרם,false,,11.90,0.0595,true,1,156070
5900020012814,false,דגני בוקר תפוחים בטע,,,דגני בוקר תפוחים בטע,גרמים,500.00,100 גרם,false,,19.90,0.0398,true,1,141287
5900020015181,false,פיטנס חטיף דגנים שוק,,,פיטנס חטיף דגנים שוק,גרמים,23.50,100 גרם,false,,3.90,0.1660,true,1,132834
5900020018212,true,שישית פיטנס חטיף דגנ,,,שישית פיטנס חטיף דגנ,,0.00,,false,,0.00,0.0000,true,1,137942
5900020018908,false,פיטנס חטיף דגנים עוג,,,פיטנס חטיף דגנים עוג,גרמים,141.00,100 גרם,false,,14.90,0.1057,true,1,137943
5900020020710,false,חטיף קראנץ' שוקו וני,,,חטיף קראנץ' שוקו וני,גרמים,150.00,100 גרם,false,,14.90,0.0993,true,1,136555
5900020020741,false,חטיף דגני בוקר נסקוו,,,חטיף דגני בוקר נסקוו,גרמים,150.00,100 גרם,false,,14.90,0.0993,true,1,136556
5900020025647,false,פיטנס בר דליס שוקולד,,,פיטנס בר דליס שוקולד,גרמים,135.00,100 גרם,false,,15.90,0.1178,true,1,147785
5900020026552,false,צ'ריוס האני נאט פרוו,,,צ'ריוס האני נאט פרוו,גרמים,625.00,100 גרם,false,,23.90,0.0382,true,1,139827
5900020031877,false,חטיף דגנים מ5 סוגי ד,,,חטיף דגנים מ5 סוגי ד,גרמים,132.00,100 גרם,false,,14.90,0.1129,true,1,151643
5900020037916,false,צ'ריוס שיבולת שועל 3,,,צ'ריוס שיבולת שועל 3,גרמים,375.00,100 גרם,false,,15.90,0.0424,true,1,154542
5900020039620,false,חטיף דגנים עם שקדים,,,חטיף דגנים עם שקדים,גרמים,141.00,100 גרם,false,,14.90,0.1057,true,1,155180
5900951243530,true,סניקרס 50 גרם,,,סניקרס 50 גרם,,0.00,,false,,5.00,0.0000,true,1,137662
5901414200411,false,עוגיות היט מיני קרם,,,עוגיות היט מיני קרם,גרמים,130.00,100 גרם,false,,6.90,0.0531,true,1,140301
5901669485649,false,שוקולד דק מריר 80% ב,,,שוקולד דק מריר 80% ב,גרמים,100.00,100 גרם,false,,8.90,0.0890,true,1,161435
5901669486196,false,שוקולד חלב עם בוטנים,,,שוקולד חלב עם בוטנים,גרמים,300.00,100 גרם,false,,13.90,0.0463,true,1,139116
5901669486257,false,שוקולד מריר בוטנים ו,,,שוקולד מריר בוטנים ו,גרמים,300.00,100 גרם,false,,13.90,0.0463,true,1,141365
5901677007611,false,שוקולד חלב ברון 300,,,שוקולד חלב ברון 300,גרמים,300.00,100 גרם,false,,13.90,0.0463,true,1,139118
5902198160403,false,"אקסל 250 TEN מ""ל",,,"אקסל 250 TEN מ""ל",מיליליטרים,250.00,"100 מ""ל",false,,4.80,0.0192,true,1,136968
5902581680372,true,ממתק שוקו חלב במילוי,,,ממתק שוקו חלב במילוי,,0.00,,false,,5.00,0.0000,true,1,136751
5902581689344,false,שוקולד דק מריר קפה 7,,,שוקולד דק מריר קפה 7,גרמים,100.00,100 גרם,false,,8.90,0.0890,true,1,161437
5904941751302,false,משקה אנרגיה בלו 250,,,משקה אנרגיה בלו 250,מיליליטרים,250.00,"100 מ""ל",false,,4.20,0.0168,true,1,132684
5906485301012,false,משקה אנרגיה אקסל 250,,,משקה אנרגיה אקסל 250,מיליליטרים,250.00,"100 מ""ל",false,,4.80,0.0192,true,1,132969
5906812278376,true,"עוגיות שוקולדצ""יפס1",,,"עוגיות שוקולדצ""יפס1",,0.00,,false,,5.00,0.0000,true,1,134979
5996496000721,false,בונבוניירה 192 גרם C,,,בונבוניירה 192 גרם C,גרמים,192.00,100 גרם,false,,24.90,0.1297,true,1,157104
5998710131877,false,ממתק שוקולד 36 גרם C,,,ממתק שוקולד 36 גרם C,גרמים,36.00,100 גרם,false,,4.50,0.1250,true,1,157105
6001067003427,true,מארז קולגייט 12 מברש,,,מארז קולגייט 12 מברש,,0.00,,false,,0.00,0.0000,true,1,137259
6582048300846,true,מרשמלו 500 גרם,,,מרשמלו 500 גרם,,0.00,,false,,0.00,0.0000,true,1,137422
6902176502491,false,סלק מבושל בוואקום,,,סלק מבושל בוואקום,גרמים,500.00,100 גרם,false,,5.90,0.0118,true,1,161774
6902176502507,false,סלק מבושל בוואקום,,,סלק מבושל בוואקום,גרמים,500.00,100 גרם,false,,5.90,0.0118,true,1,161775
6910191800041,true,מפעל-אצות נורי גולד,,,מפעל-אצות נורי גולד,,0.00,,false,,0.00,0.0000,true,1,136552
6930548976243,false,שום ארוז יבוא,,,שום ארוז יבוא,מארז,1.00,מארז,false,,7.90,7.9000,true,1,147698
6934932049728,false,אוכמניות יחידה,,,אוכמניות יחידה,גרמים,125.00,100 גרם,false,,19.90,0.1592,true,1,161788
6936613888667,false,שום ארוז יבוא,,,שום ארוז יבוא,Unknown,1.00,יחידה,false,,7.90,7.9000,true,1,159538
6936745600455,true,מפעל-מירין 18 ליטר),,,מפעל-מירין 18 ליטר),,0.00,,false,,0.00,0.0000,true,1,135246
6955728120230,true,כוס זכוכית,,,כוס זכוכית,,0.00,,false,,5.00,0.0000,true,1,134317
7086527203609,true,אייס לימונענע נוזלי,,,אייס לימונענע נוזלי,,0.00,,false,,2999.90,0.0000,true,1,134969
7260000572116,true,מפעל-טחינה בדלי פלסט,,,מפעל-טחינה בדלי פלסט,,0.00,,false,,2999.90,0.0000,true,1,135941
7290000000035,false,תוספת שתיה בקירור,,,תוספת שתיה בקירור,Unknown,0.00,יחידה,false,,1.00,0.0000,true,1,156171
7290000000103,false,תירס חם,,,תירס חם,Unknown,1.00,יחידה,false,,10.00,10.0000,true,1,157861
7290000000282,false,חסה ערבית יחידה,,,חסה ערבית יחידה,פריט,1.00,"ק""ג",false,,4.90,4.9000,true,1,159736
7290000000411,false,שום ארוז יבוא,,,שום ארוז יבוא,מארז,1.00,מארז,false,,7.90,7.9000,true,1,133179
7290000000634,false,שקית גופיה סופרקופיק,,,שקית גופיה סופרקופיק,Unknown,1.00,יחידה,false,,0.10,0.1000,true,1,136201
7290000000960,false,"פקדון רביעיה 1.2 ש""ח",,,"פקדון רביעיה 1.2 ש""ח",Unknown,0.00,יחידה,false,,1.20,0.0000,true,1,152298
7290000000961,false,"פקדון שישיה 1.8 ש""ח",,,"פקדון שישיה 1.8 ש""ח",Unknown,0.00,יחידה,false,,1.80,0.0000,true,1,152299
7290000000998,false,פקדון,,,פקדון,Unknown,0.00,יחידה,false,,0.30,0.0000,true,1,135689
7290000001104,false,פטריות פורטבלה ארוז,,,פטריות פורטבלה ארוז,Unknown,1.00,יחידה,false,,10.90,10.9000,true,1,146324
7290000003345,false,נביעות מים מינרלים ש,,,נביעות מים מינרלים ש,מיליליטרים,1500.00,"100 מ""ל",false,,5.00,0.0033,true,1,139887
7290000009001,false,בננה,,,בננה,קילוגרמים,1.00,"ק""ג",true,,8.70,8.7000,true,1,145891
7290000009002,false,עגבניה,5 יחידות,,עגבניה,קילוגרמים,1.00,"ק""ג",true,,7.70,7.7000,true,1,145892
7290000009003,false,מלפפון ירוק,6 יחידות,,מלפפון ירוק,קילוגרמים,1.00,"ק""ג",true,,7.70,7.7000,true,1,145893
7290000009004,false,לימון,5 יחידות,,לימון,קילוגרמים,1.00,"ק""ג",true,,8.70,8.7000,true,1,145894
7290000009005,false,אבוקדו,,,אבוקדו,קילוגרמים,1.00,"ק""ג",true,,10.70,10.7000,true,1,145895
7290000009007,false,תפוח עץ ירוק סמיט,,,תפוח עץ ירוק סמיט,קילוגרמים,1.00,"ק""ג",true,,8.90,8.9000,true,1,145897
7290000009008,false,תפוח עץ אדום חרמון,,,תפוח עץ אדום חרמון,קילוגרמים,1.00,"ק""ג",true,,8.90,8.9000,true,1,145898
7290000009010,false,פלפל אדום,5 יחידות,,פלפל אדום,קילוגרמים,1.00,"ק""ג",true,,10.70,10.7000,true,1,145899
7290000009011,false,קלמנטינה,,,קלמנטינה,קילוגרמים,1.00,"ק""ג",true,,6.90,6.9000,true,1,145900
7290000009012,false,אפרסמון,,,אפרסמון,קילוגרמים,1.00,"ק""ג",true,,12.90,12.9000,true,1,145901
7290000009013,false,תפוזים,3 יחידות,,תפוזים,קילוגרמים,1.00,"ק""ג",true,,5.90,5.9000,true,1,145902
7290000009014,false,תפוח פינק ליידי,,,תפוח פינק ליידי,קילוגרמים,1.00,"ק""ג",true,,15.90,15.9000,true,1,145903
7290000009015,false,בצל יבש לבן,4 יחידות,,בצל יבש לבן,קילוגרמים,1.00,"ק""ג",true,,4.70,4.7000,true,1,145904
7290000009016,false,בטטה,,,בטטה,קילוגרמים,1.00,"ק""ג",true,,7.70,7.7000,true,1,145905
7290000009017,false,אגס ירוק,5 יחידות,,אגס ירוק,קילוגרמים,1.00,"ק""ג",true,,8.70,8.7000,true,1,145906
7290000009018,false,תפוח עץ מוזהב,4 יחידות,,תפוח עץ מוזהב,קילוגרמים,1.00,"ק""ג",true,,9.90,9.9000,true,1,145907
7290000009019,false,פלפל צהוב,,,פלפל צהוב,קילוגרמים,1.00,"ק""ג",true,,10.70,10.7000,true,1,145908
7290000009021,false,בצל אדום,4 יחידות,,בצל אדום,קילוגרמים,1.00,"ק""ג",true,,6.70,6.7000,true,1,145910
7290000009022,false,רימון,,,רימון,קילוגרמים,1.00,"ק""ג",true,,8.70,8.7000,true,1,145911
7290000009023,false,אננס,,,אננס,Unknown,1.00,יחידה,false,,29.90,29.9000,true,1,145912
7290000009024,false,חציל,,,חציל,קילוגרמים,1.00,"ק""ג",true,,7.90,7.9000,true,1,145913
7290000009025,false,כרוב לבן שלם,1 יחידה,,כרוב לבן שלם,קילוגרמים,1.00,"ק""ג",true,,5.70,5.7000,true,1,145914
7290000009027,false,קיווי,,,קיווי,קילוגרמים,1.00,"ק""ג",true,,16.90,16.9000,true,1,145916
7290000009029,false,מלון,,,מלון,קילוגרמים,1.00,"ק""ג",true,,6.90,6.9000,true,1,145918
7290000009033,false,כרוב אדום שלם,,,כרוב אדום שלם,קילוגרמים,1.00,"ק""ג",true,,5.70,5.7000,true,1,145922
7290000009034,false,קולורבי,,,קולורבי,קילוגרמים,1.00,"ק""ג",true,,8.90,8.9000,true,1,145923
7290000009035,false,דלעת ערמונים,,,דלעת ערמונים,קילוגרמים,1.00,"ק""ג",true,,8.90,8.9000,true,1,145924
7290000009036,false,דלורית,,,דלורית,קילוגרמים,1.00,"ק""ג",true,,6.90,6.9000,true,1,145925
7290000009039,false,פומלית,,,פומלית,קילוגרמים,1.00,"ק""ג",true,,6.70,6.7000,true,1,145928
7290000009040,false,שומר,,,שומר,קילוגרמים,1.00,"ק""ג",true,,7.90,7.9000,true,1,145929
7290000009041,false,פפיה,,,פפיה,קילוגרמים,1.00,"ק""ג",true,,7.90,7.9000,true,1,145930
7290000009046,false,קישוא,5 יחידות,,קישוא,קילוגרמים,1.00,"ק""ג",true,,8.90,8.9000,true,1,145934
7290000009051,false,"תפו""א לבן תפזורת",,,"תפו""א לבן תפזורת",קילוגרמים,1.00,"ק""ג",true,,4.90,4.9000,true,1,145937
7290000009052,false,"תפו""א אדום תפזורת",3 יחידות,,"תפו""א אדום תפזורת",קילוגרמים,1.00,"ק""ג",true,,4.90,4.9000,true,1,145938
7290000009053,false,"תפו""ע לוליפופ",,,"תפו""ע לוליפופ",קילוגרמים,1.00,"ק""ג",true,,15.90,15.9000,true,1,145939
7290000009054,false,פלפל חריף,,,פלפל חריף,קילוגרמים,1.00,"ק""ג",true,,10.90,10.9000,true,1,145940
7290000009056,false,סלק אדום תפזורת,,,סלק אדום תפזורת,קילוגרמים,1.00,"ק""ג",true,,4.90,4.9000,true,1,145942
7290000009059,false,חסה ערבית יחידה,,,חסה ערבית יחידה,פריט,1.00,"ק""ג",false,,4.90,4.9000,true,1,145945
7290000009061,false,גזר ארוז,,,גזר ארוז,קילוגרמים,1.00,"ק""ג",true,,4.90,4.9000,true,1,145946
7290000009063,false,כרובית,,,כרובית,Unknown,1.00,יחידה,false,,9.90,9.9000,true,1,145947
7290000009067,false,לפת,,,לפת,קילוגרמים,1.00,"ק""ג",true,,5.90,5.9000,true,1,145951
7290000009068,false,שום בתפזורת,,,שום בתפזורת,קילוגרמים,1.00,"ק""ג",true,,19.90,19.9000,true,1,145952
7290000009074,false,ענב אדום,,,ענב אדום,קילוגרמים,1.00,"ק""ג",true,,24.90,24.9000,true,1,146545
7290000009075,false,תירס מתוק,,,תירס מתוק,קילוגרמים,1.00,"ק""ג",true,,8.70,8.7000,true,1,145958
7290000009080,false,ענב ירוק שקיל,,,ענב ירוק שקיל,קילוגרמים,1.00,"ק""ג",true,,24.90,24.9000,true,1,145962
7290000009086,false,מנגו,,,מנגו,קילוגרמים,1.00,"ק""ג",true,,10.70,10.7000,true,1,145964
7290000009096,false,ענבים שחורים,,,ענבים שחורים,קילוגרמים,1.00,"ק""ג",true,,19.90,19.9000,true,1,145974
7290000009110,false,אנונה,,,אנונה,קילוגרמים,1.00,"ק""ג",true,,12.90,12.9000,true,1,145988
7290000009112,false,תפוז ברשת,,,תפוז ברשת,קילוגרמים,1.00,"ק""ג",true,,3.50,3.5000,true,1,145990
7290000009115,false,"תפו""א לבן ארוז",,,"תפו""א לבן ארוז",קילוגרמים,1.00,"ק""ג",true,,5.90,5.9000,true,1,145993
7290000009116,false,פלפל כתום,,,פלפל כתום,קילוגרמים,1.00,"ק""ג",true,,10.70,10.7000,true,1,145994
7290000009124,false,שום ארוז יבוא,,,שום ארוז יבוא,Unknown,1.00,יחידה,false,,7.90,7.9000,true,1,146546
7290000009133,false,מלון ספרדי,,,מלון ספרדי,קילוגרמים,1.00,"ק""ג",true,,7.90,7.9000,true,1,151659
7290000009143,false,אפרסמון קרמבו,,,אפרסמון קרמבו,קילוגרמים,1.00,"ק""ג",true,,12.90,12.9000,true,1,152408
7290000009163,false,אוכמניות יחידה,,,אוכמניות יחידה,גרמים,125.00,100 גרם,false,,19.90,0.1592,true,1,161258
7290000009500,false,חזה עוף טרי ארוז - מ,,,חזה עוף טרי ארוז - מ,קילוגרמים,1.00,"ק""ג",true,,31.90,31.9000,true,1,148375
7290000024523,false,מיץ ענבים טבעי תירוש,,,מיץ ענבים טבעי תירוש,מיליליטרים,1000.00,"100 מ""ל",false,,15.90,0.0159,true,1,136471
7290000024530,false,יין גליה מתוק ברקן 7,,,יין גליה מתוק ברקן 7,מיליליטרים,750.00,"100 מ""ל",false,,15.20,0.0203,true,1,136553
7290000040042,false,יופלה יוגורט תות %3,,,יופלה יוגורט תות %3,גרמים,150.00,100 גרם,false,,5.00,0.0333,true,1,140966
7290000040066,false,יופלה יוגורט דובדבן,,,יופלה יוגורט דובדבן,מיליליטרים,150.00,"100 מ""ל",false,,5.00,0.0333,true,1,150282
7290000040080,false,יופלה יוגורט אפרסק %,,,יופלה יוגורט אפרסק %,מיליליטרים,150.00,"100 מ""ל",false,,5.00,0.0333,true,1,145554
7290000040974,false,חלב בקרטון דל לקטוז,,,חלב בקרטון דל לקטוז,מיליליטרים,1000.00,"100 מ""ל",false,,6.90,0.0069,true,1,143955
7290000040974,false,חלב בקרטון דל לקטוז,,,חלב בקרטון דל לקטוז,מיליליטרים,1000.00,"100 מ""ל",false,,6.90,0.0069,true,1,145572
7290000041445,false,גבינת קוטג' 5% תנובה,,,גבינת קוטג' 5% תנובה,גרמים,250.00,100 גרם,false,,5.70,0.0228,true,1,140252
7290000041445,false,גבינת קוטג' 5% תנובה,,,גבינת קוטג' 5% תנובה,גרמים,250.00,100 גרם,false,,5.70,0.0228,true,1,145535
7290000041452,false,"גבינת קוטג' 9% בד""ץ",,,"גבינת קוטג' 9% בד""ץ",גרמים,250.00,100 גרם,false,,5.50,0.0220,true,1,150283
7290000041858,false,שמנת חמוצה מועשרת 15,,,שמנת חמוצה מועשרת 15,מיליליטרים,200.00,"100 מ""ל",false,,2.40,0.0120,true,1,135174
7290000041872,false,"לבן 3% שומן 200 מ""ל",,,"לבן 3% שומן 200 מ""ל",מיליליטרים,200.00,"100 מ""ל",false,,2.00,0.0100,true,1,142117
7290000042435,false,חלב בקרטון תנובה 1%,,,חלב בקרטון תנובה 1%,מיליליטרים,1000.00,"100 מ""ל",false,,5.86,0.0059,true,1,136992
7290000042640,false,"חלב עמיד 250 מ""ל 3%",,,"חלב עמיד 250 מ""ל 3%",מיליליטרים,250.00,"100 מ""ל",false,,2.60,0.0104,true,1,146829
7290000042855,false,שוקו בשקית יטבתה 225,,,שוקו בשקית יטבתה 225,מיליליטרים,225.00,"100 מ""ל",false,,2.50,0.0111,true,1,136149
7290000043814,false,השף הלבן שמנת עמידה,,,השף הלבן שמנת עמידה,מיליליטרים,250.00,"100 מ""ל",false,,6.47,0.0259,true,1,139917
7290000043890,false,רויון 1.5% תנובה 1 ל,,,רויון 1.5% תנובה 1 ל,מיליליטרים,1000.00,"100 מ""ל",false,,11.30,0.0113,true,1,140969
7290000045580,false,גבינה מותכת 25% נעמה,,,גבינה מותכת 25% נעמה,גרמים,240.00,100 גרם,false,,17.40,0.0725,true,1,137677
7290000046327,false,גבינה צהובה פרוסה 22,,,גבינה צהובה פרוסה 22,גרמים,200.00,100 גרם,false,,12.60,0.0630,true,1,140972
7290000046327,false,גבינה צהובה פרוסה 22,,,גבינה צהובה פרוסה 22,גרמים,200.00,100 גרם,false,,12.60,0.0630,true,1,141038
7290000048185,false,גבינה לבנה 5% תנובה,,,גבינה לבנה 5% תנובה,גרמים,250.00,100 גרם,false,,4.98,0.0199,true,1,140384
7290000048192,false,גבינה לבנה 9% תנובה,,,גבינה לבנה 9% תנובה,גרמים,250.00,100 גרם,false,,4.98,0.0199,true,1,140379
7290000048413,false,גבינת מלוחה חמד 16%,,,גבינת מלוחה חמד 16%,גרמים,250.00,100 גרם,false,,17.50,0.0700,true,1,140974
7290000048437,false,גבינה צפתית 5% פיראו,,,גבינה צפתית 5% פיראו,גרמים,200.00,100 גרם,false,,13.90,0.0695,true,1,140287
7290000050447,false,יוגורט ביו 3% בטעם ת,,,יוגורט ביו 3% בטעם ת,מיליליטרים,500.00,"100 מ""ל",false,,12.70,0.0254,true,1,145545
7290000050447,false,יוגורט ביו 3% בטעם ת,,,יוגורט ביו 3% בטעם ת,מיליליטרים,500.00,"100 מ""ל",false,,12.70,0.0254,true,1,145547
7290000051307,false,מארז הפסקת בטעם וניל,,,מארז הפסקת בטעם וניל,Unknown,1.00,יחידה,false,,9.90,9.9000,true,1,150290
7290000051376,false,יופלה דיאט אננס גביע,,,יופלה דיאט אננס גביע,מיליליטרים,150.00,"100 מ""ל",false,,5.00,0.0333,true,1,145555
7290000052311,false,גבינה צהובה פרוסה 15,,,גבינה צהובה פרוסה 15,גרמים,200.00,100 גרם,false,,14.90,0.0745,true,1,140976
7290000052311,false,גבינה צהובה פרוסה 15,,,גבינה צהובה פרוסה 15,גרמים,200.00,100 גרם,false,,14.90,0.0745,true,1,141028
7290000052649,false,פיראוס לאבנה 5% גביע,,,פיראוס לאבנה 5% גביע,מיליליטרים,500.00,"100 מ""ל",false,,18.90,0.0378,true,1,150254
7290000055015,false,פיראוס פטה כבשים 5%,,,פיראוס פטה כבשים 5%,גרמים,250.00,100 גרם,false,,26.50,0.1060,true,1,150256
7290000055329,false,יופלה משקה יוגורט תו,,,יופלה משקה יוגורט תו,גרמים,250.00,100 גרם,false,,5.40,0.0216,true,1,132725
7290000055336,false,יופלה משקה יוגורט בנ,,,יופלה משקה יוגורט בנ,גרמים,250.00,100 גרם,false,,5.40,0.0216,true,1,132726
7290000055411,true,משקה אורז עמיד 1ליטר,,,משקה אורז עמיד 1ליטר,,0.00,,false,,5.00,0.0000,true,1,134176
7290000055893,false,חמאה מהדרין תנובה 20,,,חמאה מהדרין תנובה 20,גרמים,200.00,100 גרם,false,,7.80,0.0390,true,1,137801
7290000056753,false,עמק פרוס בקופסא 28%,,,עמק פרוס בקופסא 28%,גרמים,200.00,100 גרם,false,,15.70,0.0785,true,1,150295
7290000056845,false,חלב טרי 3% בקרטון תנ,,,חלב טרי 3% בקרטון תנ,מיליליטרים,1500.00,"100 מ""ל",false,,9.34,0.0062,true,1,144082
7290000056906,false,יוגורט לבן 1.5% יופל,,,יוגורט לבן 1.5% יופל,מיליליטרים,1200.00,"100 מ""ל",false,,17.30,0.0144,true,1,147500
7290000057088,false,עמק פרוס דק דק 28% 2,,,עמק פרוס דק דק 28% 2,גרמים,200.00,100 גרם,false,,14.90,0.0745,true,1,136365
7290000057118,false,גבינת עמק קלאסית פרו,,,גבינת עמק קלאסית פרו,גרמים,400.00,100 גרם,false,,19.90,0.0497,true,1,140288
7290000060071,false,חטיפי פריכונים אורז,,,חטיפי פריכונים אורז,גרמים,80.00,100 גרם,false,,8.20,0.1025,true,1,142512
7290000060088,false,בייגלה אסם מקלות מלו,,,בייגלה אסם מקלות מלו,גרמים,375.00,100 גרם,false,,8.90,0.0237,true,1,139828
7290000060156,false,אטריות ביצים דקיקות,,,אטריות ביצים דקיקות,גרמים,200.00,100 גרם,false,,6.90,0.0345,true,1,144174
7290000060200,false,פתיתים אפויים קוסקוס,,,פתיתים אפויים קוסקוס,גרמים,500.00,100 גרם,false,,6.90,0.0138,true,1,138604
7290000060217,false,פסטה מקרוני מספר 7 א,,,פסטה מקרוני מספר 7 א,גרמים,500.00,100 גרם,false,,5.90,0.0118,true,1,144781
7290000060248,false,פסטה תלתלים פרומנטי,,,פסטה תלתלים פרומנטי,גרמים,500.00,100 גרם,false,,5.90,0.0118,true,1,144175
7290000060408,false,פתיתים אפויים טבעות,,,פתיתים אפויים טבעות,גרמים,500.00,100 גרם,false,,6.90,0.0138,true,1,144176
7290000060576,false,פתיתים אפויים כוכבים,,,פתיתים אפויים כוכבים,גרמים,500.00,100 גרם,false,,6.90,0.0138,true,1,144177
7290000060781,false,פסטה פוסילי אסם 500,,,פסטה פוסילי אסם 500,גרמים,500.00,100 גרם,false,,5.90,0.0118,true,1,144178
7290000060828,false,פסטה פרומנטי קרניים,,,פסטה פרומנטי קרניים,גרמים,500.00,100 גרם,false,,5.90,0.0118,true,1,139830
7290000060842,false,פסטה צדפים אסם 500 ג,,,פסטה צדפים אסם 500 ג,גרמים,500.00,100 גרם,false,,5.90,0.0118,true,1,144179
7290000060859,false,"פסטה צדפים קטנים בד""",,,"פסטה צדפים קטנים בד""",גרמים,500.00,100 גרם,false,,5.90,0.0118,true,1,144180
7290000060880,false,פסטה ספגטי מספר 8 אס,,,פסטה ספגטי מספר 8 אס,גרמים,500.00,100 גרם,false,,5.90,0.0118,true,1,138605
7290000060903,false,פתיתים אפויים אורז א,,,פתיתים אפויים אורז א,גרמים,500.00,100 גרם,false,,6.90,0.0138,true,1,139831
7290000060958,false,אטריות בינוניות אסם,,,אטריות בינוניות אסם,גרמים,402.00,100 גרם,false,,6.90,0.0172,true,1,144182
7290000060965,false,אטריות רחבות אסם 400,,,אטריות רחבות אסם 400,גרמים,403.00,100 גרם,false,,6.90,0.0171,true,1,144183
7290000060972,false,אטריות דקיקות אסם 40,,,אטריות דקיקות אסם 40,גרמים,400.00,100 גרם,false,,6.90,0.0173,true,1,132403
7290000061061,false,קרקר חיטה עם בצל אסם,,,קרקר חיטה עם בצל אסם,גרמים,250.00,100 גרם,false,,10.90,0.0436,true,1,144184
7290000061085,false,רוטב צ'ילי מתוק אסם,,,רוטב צ'ילי מתוק אסם,מיליליטרים,290.00,"100 מ""ל",false,,10.90,0.0376,true,1,141292
7290000061108,false,רוטב טריאקי אסם 360,,,רוטב טריאקי אסם 360,מיליליטרים,294.00,"100 מ""ל",false,,10.90,0.0371,true,1,141293
7290000061245,false,עוגיות שוקוצ'יפס עם,,,עוגיות שוקוצ'יפס עם,גרמים,220.00,100 גרם,false,,10.90,0.0495,true,1,139832
7290000061764,false,קפה נמס מגורען רד מא,,,קפה נמס מגורען רד מא,גרמים,200.00,100 גרם,false,,21.90,0.1095,true,1,143416
7290000063102,false,אסם קמח עוגה תופח מא,,,אסם קמח עוגה תופח מא,גרמים,350.00,100 גרם,false,,4.90,0.0140,true,1,132404
7290000063133,false,אסם שקדי מרק רכיבים,,,אסם שקדי מרק רכיבים,גרמים,100.00,100 גרם,false,,5.90,0.0590,true,1,141135
7290000063140,false,אסם שקדי מרק רכיבים,,,אסם שקדי מרק רכיבים,גרמים,400.00,100 גרם,false,,9.90,0.0248,true,1,138809
7290000063157,false,קמח תופח מאליו אסם 1,,,קמח תופח מאליו אסם 1,גרמים,1000.00,100 גרם,false,,7.90,0.0079,true,1,143943
7290000063904,true,מפעל-קוסקוס בינוני ב,,,מפעל-קוסקוס בינוני ב,,0.00,,false,,2999.90,0.0000,true,1,137627
7290000064758,false,אסם קוסקוס אמיתי 350,,,אסם קוסקוס אמיתי 350,גרמים,350.00,100 גרם,false,,7.50,0.0214,true,1,135869
7290000064871,false,"מנה חמה פירה תפו""א ו",,,"מנה חמה פירה תפו""א ו",גרמים,56.00,100 גרם,false,,5.90,0.1054,true,1,132405
7290000065335,false,מנה חמה פירה וירקות,,,מנה חמה פירה וירקות,גרמים,55.00,100 גרם,false,,5.90,0.1073,true,1,140170
7290000065557,false,מנה חמה קוסקוס וירקו,,,מנה חמה קוסקוס וירקו,גרמים,84.00,100 גרם,false,,5.90,0.0702,true,1,137180
7290000065977,false,חטיפי פריכונים תירס,,,חטיפי פריכונים תירס,גרמים,80.00,100 גרם,false,,8.20,0.1025,true,1,144192
7290000066196,false,ביסלי גריל 200 גרם,,,ביסלי גריל 200 גרם,גרמים,200.00,100 גרם,false,,6.50,0.0325,true,1,148492
7290000066264,false,דובונים 40 גרם,,,דובונים 40 גרם,גרמים,40.00,100 גרם,false,,4.50,0.1125,true,1,135135
7290000066295,false,במבה מתוקה בטעם תות,,,במבה מתוקה בטעם תות,גרמים,30.00,100 גרם,false,,2.50,0.0833,true,1,139879
7290000066332,false,אפרופו 50 גרם,,,אפרופו 50 גרם,גרמים,50.00,100 גרם,false,,3.90,0.0780,true,1,135136
7290000066431,false,פופקו חמאה ודבש 80 ג,,,פופקו חמאה ודבש 80 ג,גרמים,80.00,100 גרם,false,,4.50,0.0563,true,1,139833
7290000068138,false,פודינג אינסטנט בטעם,,,פודינג אינסטנט בטעם,גרמים,80.00,100 גרם,false,,4.90,0.0613,true,1,132408
7290000068237,false,ג'לי בטעם פטל פרווה,,,ג'לי בטעם פטל פרווה,גרמים,85.00,100 גרם,false,,5.90,0.0694,true,1,148211
7290000068251,false,ג'לי בטעם אננס פרווה,,,ג'לי בטעם אננס פרווה,גרמים,85.00,100 גרם,false,,5.90,0.0694,true,1,148212
7290000068343,false,אסם פריכונים מאורז מ,,,אסם פריכונים מאורז מ,גרמים,140.00,100 גרם,false,,6.90,0.0493,true,1,139835
7290000069364,false,אסם פריכונים עגול או,,,אסם פריכונים עגול או,גרמים,140.00,100 גרם,false,,6.90,0.0493,true,1,144199
7290000069609,false,חטיפי קרקר זעתר אסם,,,חטיפי קרקר זעתר אסם,גרמים,300.00,100 גרם,false,,10.90,0.0363,true,1,144200
7290000070308,false,אסם מרק עוף אמיתי 40,,,אסם מרק עוף אמיתי 40,גרמים,400.00,100 גרם,false,,14.90,0.0373,true,1,136503
7290000070353,false,מרק בצל מרכיבים טבעי,,,מרק בצל מרכיבים טבעי,גרמים,400.00,100 גרם,false,,19.90,0.0497,true,1,144203
7290000070919,false,בייגלה רשתות כעכים ח,,,בייגלה רשתות כעכים ח,גרמים,400.00,100 גרם,false,,12.90,0.0323,true,1,148498
7290000072623,false,קטשופ אסם בקבוק לחיץ,,,קטשופ אסם בקבוק לחיץ,גרמים,750.00,100 גרם,false,,9.90,0.0132,true,1,136611
7290000072753,false,קפה נמס מיובש בהקפאה,,,קפה נמס מיובש בהקפאה,גרמים,200.00,100 גרם,false,,29.90,0.1495,true,1,139836
7290000072777,false,טייסטר צ'וייס נטול ק,,,טייסטר צ'וייס נטול ק,גרמים,200.00,100 גרם,false,,35.90,0.1795,true,1,143136
7290000072968,false,סיני מיניס 500 גרם,,,סיני מיניס 500 גרם,גרמים,500.00,100 גרם,false,,19.90,0.0398,true,1,139837
7290000073415,false,מנה חמה פסטה ברוטב פ,,,מנה חמה פסטה ברוטב פ,גרמים,61.00,100 גרם,false,,5.90,0.0967,true,1,132409
7290000073750,false,מנה חמה נודלס אטר.+י,,,מנה חמה נודלס אטר.+י,גרמים,70.00,100 גרם,false,,5.90,0.0843,true,1,139838
7290000073774,false,מנה חמה ירקות בטעם פ,,,מנה חמה ירקות בטעם פ,גרמים,70.00,100 גרם,false,,5.90,0.0843,true,1,139840
7290000074153,false,פתי בר שוקו אסם 500,,,פתי בר שוקו אסם 500,גרמים,500.00,100 גרם,false,,12.90,0.0258,true,1,139841
7290000074184,false,פתי בר קלאסי אסם 500,,,פתי בר קלאסי אסם 500,גרמים,500.00,100 גרם,false,,8.90,0.0178,true,1,138977
7290000074245,false,אסם קרם קרקר 250 גרם,,,אסם קרם קרקר 250 גרם,גרמים,250.00,100 גרם,false,,7.80,0.0312,true,1,139842
7290000074252,false,אסם קרקר שומשום 250,,,אסם קרקר שומשום 250,גרמים,250.00,100 גרם,false,,7.90,0.0316,true,1,139880
7290000074276,false,קרקר פיקנטי אסם 250,,,קרקר פיקנטי אסם 250,גרמים,250.00,100 גרם,false,,9.90,0.0396,true,1,144205
7290000074375,false,אסם קרקר זהב 150 גרם,,,אסם קרקר זהב 150 גרם,גרמים,150.00,100 גרם,false,,7.90,0.0527,true,1,135133
7290000074481,false,לחמית קרקר מקמח חיטה,,,לחמית קרקר מקמח חיטה,גרמים,160.00,100 גרם,false,,8.90,0.0556,true,1,139843
7290000074764,false,אסם קרקר זהב 900 גרם,,,אסם קרקר זהב 900 גרם,גרמים,900.00,100 גרם,false,,26.90,0.0299,true,1,144211
7290000075204,false,לחמית קרקר מקמח חיטה,,,לחמית קרקר מקמח חיטה,גרמים,250.00,100 גרם,false,,8.90,0.0356,true,1,139845
7290000076126,false,אסם בייגלה שמיניות ק,,,אסם בייגלה שמיניות ק,גרמים,80.00,100 גרם,false,,2.90,0.0362,true,1,146231
7290000076133,false,בייגלה אסם שמיניה קט,,,בייגלה אסם שמיניה קט,גרמים,400.00,100 גרם,false,,8.90,0.0223,true,1,139846
7290000077253,false,לחמית כפרית 190 גרם,,,לחמית כפרית 190 גרם,גרמים,190.00,100 גרם,false,,8.90,0.0468,true,1,139848
7290000078212,false,אסם קרוטונים מתובלים,,,אסם קרוטונים מתובלים,גרמים,250.00,100 גרם,false,,14.00,0.0560,true,1,144784
7290000078762,false,חטיפי פריכונים אורז,,,חטיפי פריכונים אורז,גרמים,80.00,100 גרם,false,,8.20,0.1025,true,1,139849
7290000080758,false,אסם טוסטעים 100 גרם,,,אסם טוסטעים 100 גרם,גרמים,100.00,100 גרם,false,,10.90,0.1090,true,1,142517
7290000080765,false,אסם טוסטעים עם שומשו,,,אסם טוסטעים עם שומשו,גרמים,100.00,100 גרם,false,,10.90,0.1090,true,1,144216
7290000085180,false,גטניו פתי בר 470 גרם,,,גטניו פתי בר 470 גרם,גרמים,470.00,100 גרם,false,,10.90,0.0232,true,1,143894
7290000090016,false,בננה,,,בננה,קילוגרמים,1.00,"ק""ג",true,,8.70,8.7000,true,1,154751
7290000090021,false,עגבניה,,,עגבניה,קילוגרמים,1.00,"ק""ג",true,,4.90,4.9000,true,1,154745
7290000090023,false,עגבניה,5 יחידות,,עגבניה,קילוגרמים,1.00,"ק""ג",true,,7.70,7.7000,true,1,154746
7290000090030,false,מלפפון ירוק,6 יחידות,,מלפפון ירוק,קילוגרמים,1.00,"ק""ג",true,,7.70,7.7000,true,1,154763
7290000090047,false,לימון,5 יחידות,,לימון,קילוגרמים,1.00,"ק""ג",true,,8.70,8.7000,true,1,154752
7290000090054,false,אבוקדו,,,אבוקדו,קילוגרמים,1.00,"ק""ג",true,,10.70,10.7000,true,1,154764
7290000090078,false,תפוח עץ ירוק סמיט,,,תפוח עץ ירוק סמיט,קילוגרמים,1.00,"ק""ג",true,,8.90,8.9000,true,1,154765
7290000090085,false,תפוח עץ אדום חרמון,,,תפוח עץ אדום חרמון,קילוגרמים,1.00,"ק""ג",true,,8.90,8.9000,true,1,154766
7290000090108,false,פלפל אדום,5 יחידות,,פלפל אדום,קילוגרמים,1.00,"ק""ג",true,,10.70,10.7000,true,1,154753
7290000090115,false,קלמנטינה,,,קלמנטינה,קילוגרמים,1.00,"ק""ג",true,,6.90,6.9000,true,1,154767
7290000090122,false,אפרסמון,,,אפרסמון,קילוגרמים,1.00,"ק""ג",true,,12.90,12.9000,true,1,156577
7290000090139,false,תפוזים,3 יחידות,,תפוזים,קילוגרמים,1.00,"ק""ג",true,,5.90,5.9000,true,1,154768
7290000090146,false,תפוח פינק ליידי,,,תפוח פינק ליידי,קילוגרמים,1.00,"ק""ג",true,,15.90,15.9000,true,1,154769
7290000090153,false,בצל יבש לבן,4 יחידות,,בצל יבש לבן,קילוגרמים,1.00,"ק""ג",true,,4.70,4.7000,true,1,154754
7290000090160,false,בטטה,,,בטטה,קילוגרמים,1.00,"ק""ג",true,,7.70,7.7000,true,1,154770
7290000090177,false,אגס ירוק,5 יחידות,,אגס ירוק,קילוגרמים,1.00,"ק""ג",true,,8.70,8.7000,true,1,154771
7290000090184,false,תפוח עץ מוזהב,4 יחידות,,תפוח עץ מוזהב,קילוגרמים,1.00,"ק""ג",true,,9.90,9.9000,true,1,154772
7290000090191,false,פלפל צהוב,,,פלפל צהוב,קילוגרמים,1.00,"ק""ג",true,,10.70,10.7000,true,1,154773
7290000090214,false,בצל אדום,4 יחידות,,בצל אדום,קילוגרמים,1.00,"ק""ג",true,,6.70,6.7000,true,1,154775
7290000090221,false,רימון,,,רימון,קילוגרמים,1.00,"ק""ג",true,,8.70,8.7000,true,1,154776
7290000090238,false,אננס,,,אננס,Unknown,1.00,יחידה,false,,29.90,29.9000,true,1,154777
7290000090245,false,חציל,,,חציל,קילוגרמים,1.00,"ק""ג",true,,7.90,7.9000,true,1,154755
7290000090252,false,כרוב לבן שלם,1 יחידה,,כרוב לבן שלם,קילוגרמים,1.00,"ק""ג",true,,5.70,5.7000,true,1,154756
7290000090276,false,קיווי,,,קיווי,קילוגרמים,1.00,"ק""ג",true,,16.90,16.9000,true,1,154779
7290000090290,false,מלון,,,מלון,קילוגרמים,1.00,"ק""ג",true,,6.90,6.9000,true,1,154757
7290000090337,false,כרוב אדום שלם,,,כרוב אדום שלם,קילוגרמים,1.00,"ק""ג",true,,5.70,5.7000,true,1,154782
7290000090344,false,קולורבי,,,קולורבי,קילוגרמים,1.00,"ק""ג",true,,8.90,8.9000,true,1,154783
7290000090351,false,דלעת ערמונים,,,דלעת ערמונים,קילוגרמים,1.00,"ק""ג",true,,8.90,8.9000,true,1,154784
7290000090368,false,דלורית,,,דלורית,קילוגרמים,1.00,"ק""ג",true,,6.90,6.9000,true,1,154785
7290000090399,false,פומלית,,,פומלית,קילוגרמים,1.00,"ק""ג",true,,6.70,6.7000,true,1,154787
7290000090405,false,שומר,,,שומר,קילוגרמים,1.00,"ק""ג",true,,7.90,7.9000,true,1,154788
7290000090467,false,קישוא,5 יחידות,,קישוא,קילוגרמים,1.00,"ק""ג",true,,8.90,8.9000,true,1,154758
7290000090481,false,"תפו""ע לוליפופ",,,"תפו""ע לוליפופ",קילוגרמים,1.00,"ק""ג",true,,15.90,15.9000,true,1,157316
7290000090511,false,"תפו""א לבן תפזורת",,,"תפו""א לבן תפזורת",קילוגרמים,1.00,"ק""ג",true,,4.90,4.9000,true,1,154792
7290000090528,false,"תפו""א אדום תפזורת",3 יחידות,,"תפו""א אדום תפזורת",קילוגרמים,1.00,"ק""ג",true,,4.90,4.9000,true,1,154793
7290000090535,false,"תפו""ע לוליפופ",,,"תפו""ע לוליפופ",קילוגרמים,1.00,"ק""ג",true,,15.90,15.9000,true,1,154794
7290000090542,false,פלפל חריף,,,פלפל חריף,קילוגרמים,1.00,"ק""ג",true,,10.90,10.9000,true,1,154795
7290000090566,false,סלק אדום תפזורת,,,סלק אדום תפזורת,קילוגרמים,1.00,"ק""ג",true,,4.90,4.9000,true,1,154759
7290000090597,false,חסה ערבית יחידה,,,חסה ערבית יחידה,פריט,1.00,"ק""ג",false,,4.90,4.9000,true,1,154798
7290000090610,false,גזר ארוז,,,גזר ארוז,קילוגרמים,1.00,"ק""ג",true,,4.90,4.9000,true,1,154760
7290000090634,false,כרובית,,,כרובית,Unknown,1.00,יחידה,false,,9.90,9.9000,true,1,154799
7290000090672,false,לפת,,,לפת,קילוגרמים,1.00,"ק""ג",true,,5.90,5.9000,true,1,154802
7290000090689,false,שום בתפזורת,,,שום בתפזורת,קילוגרמים,1.00,"ק""ג",true,,19.90,19.9000,true,1,154803
7290000090740,false,ענב אדום,,,ענב אדום,קילוגרמים,1.00,"ק""ג",true,,24.90,24.9000,true,1,154808
7290000090757,false,תירס מתוק,,,תירס מתוק,קילוגרמים,1.00,"ק""ג",true,,8.70,8.7000,true,1,154761
7290000090801,false,ענב ירוק שקיל,,,ענב ירוק שקיל,קילוגרמים,1.00,"ק""ג",true,,24.90,24.9000,true,1,154813
7290000090863,false,מנגו,,,מנגו,קילוגרמים,1.00,"ק""ג",true,,10.70,10.7000,true,1,155090
7290000090962,false,ענבים שחורים,,,ענבים שחורים,קילוגרמים,1.00,"ק""ג",true,,19.90,19.9000,true,1,155865
7290000091105,false,אנונה,,,אנונה,קילוגרמים,1.00,"ק""ג",true,,12.90,12.9000,true,1,154824
7290000091129,false,תפוז ברשת,,,תפוז ברשת,קילוגרמים,1.00,"ק""ג",true,,3.50,3.5000,true,1,154825
7290000091150,false,"תפו""א לבן ארוז",,,"תפו""א לבן ארוז",קילוגרמים,1.00,"ק""ג",true,,5.90,5.9000,true,1,154827
7290000091167,false,פלפל כתום,,,פלפל כתום,קילוגרמים,1.00,"ק""ג",true,,10.70,10.7000,true,1,154828
7290000091242,false,שום ארוז יבוא,,,שום ארוז יבוא,מארז,1.00,מארז,false,,7.90,7.9000,true,1,154830
7290000091334,false,מלון ספרדי,,,מלון ספרדי,קילוגרמים,1.00,"ק""ג",true,,7.90,7.9000,true,1,154762
7290000091433,false,אפרסמון קרמבו,,,אפרסמון קרמבו,קילוגרמים,1.00,"ק""ג",true,,12.90,12.9000,true,1,156579
7290000100135,false,דובדבן מתוק 100% פרי,,,דובדבן מתוק 100% פרי,גרמים,300.00,100 גרם,false,,14.90,0.0497,true,1,154272
7290000104201,false,אפונה עדינה סנפרוסט,,,אפונה עדינה סנפרוסט,גרמים,600.00,100 גרם,false,,16.90,0.0282,true,1,141089
7290000104720,false,שעועית ירוקה חתוכה ס,,,שעועית ירוקה חתוכה ס,גרמים,800.00,100 גרם,false,,16.90,0.0211,true,1,141098
7290000104775,false,תרד מדליונים סנפרוסט,,,תרד מדליונים סנפרוסט,גרמים,800.00,100 גרם,false,,23.90,0.0299,true,1,150374
7290000104805,false,גרגרי חומוס מבושל סנ,,,גרגרי חומוס מבושל סנ,גרמים,800.00,100 גרם,false,,18.90,0.0236,true,1,141096
7290000104805,false,גרגרי חומוס מבושל סנ,,,גרגרי חומוס מבושל סנ,גרמים,800.00,100 גרם,false,,18.90,0.0236,true,1,141099
7290000104911,false,לקט נורמנדי סנפרוסט,,,לקט נורמנדי סנפרוסט,גרמים,800.00,100 גרם,false,,19.90,0.0249,true,1,141100
7290000107165,false,פולי סויה אדממה סנפר,,,פולי סויה אדממה סנפר,גרמים,400.00,100 גרם,false,,13.90,0.0348,true,1,150380
7290000107295,false,תפרחות ברוקולי סנפרו,,,תפרחות ברוקולי סנפרו,גרמים,800.00,100 גרם,false,,24.90,0.0311,true,1,137310
7290000110318,true,מפעל-קצפת צמחית פרוו,,,מפעל-קצפת צמחית פרוו,,0.00,,false,,2999.90,0.0000,true,1,137622
7290000111063,false,מיונז אמיתי תלמה 250,,,מיונז אמיתי תלמה 250,גרמים,250.00,100 גרם,false,,5.90,0.0236,true,1,133022
7290000112220,false,טחינה גולמית 100% בא,,,טחינה גולמית 100% בא,גרמים,500.00,100 גרם,false,,13.90,0.0278,true,1,141296
7290000112619,false,קנור מרק עוף אמיתי 4,,,קנור מרק עוף אמיתי 4,גרמים,400.00,100 גרם,false,,14.90,0.0373,true,1,139635
7290000117720,false,נמס בכוס מרק פטריות,,,נמס בכוס מרק פטריות,גרמים,41.00,100 גרם,false,,6.50,0.1585,true,1,138455
7290000120836,false,מיונז הלמנס אמיתי צנ,,,מיונז הלמנס אמיתי צנ,גרמים,394.00,100 גרם,false,,10.90,0.0277,true,1,140439
7290000120874,false,מיונז הלמנס מופחת קל,,,מיונז הלמנס מופחת קל,גרמים,424.00,100 גרם,false,,10.90,0.0257,true,1,140440
7290000121031,false,גבינה מותכת למריחה ה,,,גבינה מותכת למריחה ה,גרמים,120.00,100 גרם,false,,10.60,0.0883,true,1,141504
7290000121093,false,מון בלאן שויצרית 120,,,מון בלאן שויצרית 120,גרמים,120.00,100 גרם,false,,11.40,0.0950,true,1,141507
7290000121109,false,מון בלאן זיתים 120 ג,,,מון בלאן זיתים 120 ג,גרמים,120.00,100 גרם,false,,11.40,0.0950,true,1,141508
7290000121154,false,מון בלאן סלמון 120 ג,,,מון בלאן סלמון 120 ג,גרמים,120.00,100 גרם,false,,11.40,0.0950,true,1,141510
7290000129457,false,קנור רוטב פטריות באב,,,קנור רוטב פטריות באב,גרמים,28.00,100 גרם,false,,3.90,0.1393,true,1,144825
7290000135045,false,פחית XL TEN תפוח 250,,,פחית XL TEN תפוח 250,מיליליטרים,250.00,"100 מ""ל",false,,4.80,0.0192,true,1,143878
7290000135052,false,משקה אנרגיה מוגז בטע,,,משקה אנרגיה מוגז בטע,מיליליטרים,250.00,"100 מ""ל",false,,4.80,0.0192,true,1,143879
7290000135113,false,פחית XL TEN נענע-ליי,,,פחית XL TEN נענע-ליי,מיליליטרים,250.00,"100 מ""ל",false,,4.80,0.0192,true,1,145603
7290000136141,false,פפסי משקה קולה מוגז,,,פפסי משקה קולה מוגז,מיליליטרים,1500.00,"100 מ""ל",false,,7.80,0.0052,true,1,157265
7290000136165,false,מירנדה 1.5 ליטר,,,מירנדה 1.5 ליטר,מיליליטרים,1500.00,"100 מ""ל",false,,7.80,0.0052,true,1,157267
7290000136172,false,סבן אפ 1.5 ליטר,,,סבן אפ 1.5 ליטר,מיליליטרים,1500.00,"100 מ""ל",false,,7.80,0.0052,true,1,157268
7290000136189,false,דיאט סבן אפ 1.5 ליטר,,,דיאט סבן אפ 1.5 ליטר,מיליליטרים,1500.00,"100 מ""ל",false,,7.20,0.0048,true,1,157269
7290000136240,false,מי סודה טמפו 1.5 ליט,,,מי סודה טמפו 1.5 ליט,מיליליטרים,1500.00,"100 מ""ל",false,,3.80,0.0025,true,1,157270
7290000136523,false,ג'אמפ ענבים 1.5 ליטר,,,ג'אמפ ענבים 1.5 ליטר,מיליליטרים,1500.00,"100 מ""ל",false,,7.50,0.0050,true,1,157276
7290000136646,false,בירה שחורה נשר מאלט,,,בירה שחורה נשר מאלט,מיליליטרים,1500.00,"100 מ""ל",false,,9.20,0.0061,true,1,157539
7290000136653,false,בירה נשר מאלט דיאט 1,,,בירה נשר מאלט דיאט 1,מיליליטרים,1500.00,"100 מ""ל",false,,9.20,0.0061,true,1,157280
7290000136660,false,מי סודה טמפו 1.5 ליט,,,מי סודה טמפו 1.5 ליט,מיליליטרים,1500.00,"100 מ""ל",false,,3.80,0.0025,true,1,158021
7290000136677,false,פפסי משקה קולה מוגז,,,פפסי משקה קולה מוגז,מיליליטרים,1500.00,"100 מ""ל",false,,7.80,0.0052,true,1,158022
7290000136707,false,מירנדה 1.5 ליטר,,,מירנדה 1.5 ליטר,מיליליטרים,1500.00,"100 מ""ל",false,,7.80,0.0052,true,1,158024
7290000136790,false,מי סודה במארז טמפו 6,,,מי סודה במארז טמפו 6,מיליליטרים,9000.00,"100 מ""ל",false,,17.70,0.0020,true,1,157286
7290000136851,false,סבן אפ 1.5 ליטר,,,סבן אפ 1.5 ליטר,מיליליטרים,1500.00,"100 מ""ל",false,,7.80,0.0052,true,1,158025
7290000136868,false,מים מינרלים סאן בנדט,,,מים מינרלים סאן בנדט,קילוגרמים,9.00,ליטר,false,,20.40,2.2667,true,1,157839
7290000136936,false,דיאט סבן אפ 1.5 ליטר,,,דיאט סבן אפ 1.5 ליטר,מיליליטרים,1500.00,"100 מ""ל",false,,7.20,0.0048,true,1,158026
7290000137513,false,קרמיסימו גלידונית ונ,,,קרמיסימו גלידונית ונ,Unknown,60.00,יחידה,false,,39.80,0.6633,true,1,145702
7290000137643,false,מאגדת טעמקור שוקו ונ,,,מאגדת טעמקור שוקו ונ,Unknown,8.00,יחידה,false,,31.90,3.9875,true,1,145703
7290000139227,false,דגן תירס תפוח מתוק 1,,,דגן תירס תפוח מתוק 1,גרמים,150.00,100 גרם,false,,8.90,0.0593,true,1,157451
7290000139258,false,שלווה טבעי חיטה תפוח,,,שלווה טבעי חיטה תפוח,גרמים,200.00,100 גרם,false,,8.90,0.0445,true,1,157452
7290000144474,false,שמן קנולה בריאות עץ,,,שמן קנולה בריאות עץ,מיליליטרים,1000.00,"100 מ""ל",false,,14.80,0.0148,true,1,145427
7290000150598,false,נקניק סלמי כפרי פרוס,,,נקניק סלמי כפרי פרוס,גרמים,100.00,100 גרם,false,,5.00,0.0500,true,1,136474
7290000151021,false,פסטרמה כפרית - 100 ג,,,פסטרמה כפרית - 100 ג,גרמים,100.00,100 גרם,false,,6.00,0.0600,true,1,136475
7290000151434,true,עוף טוב סלמי קוניאק,,,עוף טוב סלמי קוניאק,,0.00,,false,,0.00,0.0000,true,1,138215
7290000152288,false,נקניקיות עוף 400 ג',,,נקניקיות עוף 400 ג',גרמים,400.00,100 גרם,false,,14.90,0.0373,true,1,138218
7290000166391,true,חטיף דגנים עם שוקולד,,,חטיף דגנים עם שוקולד,,0.00,,false,,5.00,0.0000,true,1,133691
7290000168173,false,ברנפלקס קרנצ'ים תלמה,,,ברנפלקס קרנצ'ים תלמה,גרמים,375.00,100 גרם,false,,19.90,0.0531,true,1,138462
7290000168524,true,מפעל-מיונז,,,מפעל-מיונז,קילוגרמים,1.00,"ק""ג",true,,0.00,0.0000,true,1,136493
7290000169538,false,נמס בכוס מרק עגבניות,,,נמס בכוס מרק עגבניות,גרמים,62.00,100 גרם,false,,6.90,0.1113,true,1,133689
7290000169798,false,עוגי תלמה 500 גרם,,,עוגי תלמה 500 גרם,גרמים,500.00,100 גרם,false,,18.90,0.0378,true,1,137664
7290000174723,false,שוקולית קופסא עלית 5,,,שוקולית קופסא עלית 5,גרמים,500.00,100 גרם,false,,11.90,0.0238,true,1,140108
7290000176192,true,האג טורקי ואקום 200,,,האג טורקי ואקום 200,,0.00,,false,,0.00,0.0000,true,1,138014
7290000176420,false,קפה נמס עלית 200 גרם,,,קפה נמס עלית 200 גרם,גרמים,200.00,100 גרם,false,,18.90,0.0945,true,1,140110
7290000176468,false,קפה נמס נטול האג עלי,,,קפה נמס נטול האג עלי,גרמים,50.00,100 גרם,false,,10.90,0.2180,true,1,141984
7290000178707,false,תפוציפס טבעי 50 גרם,,,תפוציפס טבעי 50 גרם,גרמים,50.00,100 גרם,false,,3.50,0.0700,true,1,139164
7290000178721,false,תפוציפס 200 גרם,,,תפוציפס 200 גרם,גרמים,200.00,100 גרם,false,,9.90,0.0495,true,1,140663
7290000179445,false,מסטיק בזוקה עלית 180,,,מסטיק בזוקה עלית 180,גרמים,180.00,100 גרם,false,,7.90,0.0439,true,1,143547
7290000189499,false,תבניות אפיה עגולות מ,,,תבניות אפיה עגולות מ,Unknown,3.00,יחידה,false,,10.90,3.6333,true,1,143996
7290000195216,false,נייר אפייה בשקית 50,,,נייר אפייה בשקית 50,Unknown,50.00,יחידה,false,,10.90,0.2180,true,1,141890
7290000197425,false,האגיס פרידום דריי של,,,האגיס פרידום דריי של,Unknown,54.00,יחידה,false,,41.90,0.7759,true,1,141892
7290000197432,false,שקיות אוכל סנדוויצ'ו,,,שקיות אוכל סנדוויצ'ו,Unknown,300.00,יחידה,false,,13.90,0.0463,true,1,145640
7290000197432,false,שקיות אוכל סנדוויצ'ו,,,שקיות אוכל סנדוויצ'ו,Unknown,300.00,יחידה,false,,13.90,0.0463,true,1,145648
7290000200934,true,משטח הפצה,,,משטח הפצה,,0.00,,false,,0.00,0.0000,true,1,138064
7290000204086,false,שקוטש קרצוף ניקול 3,,,שקוטש קרצוף ניקול 3,Unknown,3.00,יחידה,false,,9.90,3.3000,true,1,141905
7290000207162,false,רוטב עגבניות יכין 22,,,רוטב עגבניות יכין 22,גרמים,100.00,100 גרם,false,,2.50,0.0250,true,1,146425
7290000208114,false,אפונה וגזר יכין 550,,,אפונה וגזר יכין 550,גרמים,335.00,100 גרם,false,,8.50,0.0254,true,1,146426
7290000208213,false,שעועית לבנה רוטב עגב,,,שעועית לבנה רוטב עגב,גרמים,355.00,100 גרם,false,,8.90,0.0251,true,1,146428
7290000208312,false,גרעיני תירס מתוק יכי,,,גרעיני תירס מתוק יכי,גרמים,245.00,100 גרם,false,,6.90,0.0282,true,1,146429
7290000208329,false,גרעיני תירס מתוק יכי,,,גרעיני תירס מתוק יכי,גרמים,335.00,100 גרם,false,,8.50,0.0254,true,1,146430
7290000208336,false,יכין רוטב עגבניות 26,,,יכין רוטב עגבניות 26,גרמים,260.00,100 גרם,false,,4.50,0.0173,true,1,146431
7290000208428,false,חומוס שלם יכין 550 ג,,,חומוס שלם יכין 550 ג,גרמים,550.00,100 גרם,false,,8.90,0.0162,true,1,146432
7290000208893,false,גרעיני תירס לייט יכי,,,גרעיני תירס לייט יכי,גרמים,246.00,100 גרם,false,,6.90,0.0280,true,1,146433
7290000208947,false,עגבניות מרוסקות יכין,,,עגבניות מרוסקות יכין,גרמים,260.00,100 גרם,false,,6.50,0.0250,true,1,146700
7290000209012,false,חומץ 5% יכין 1 ליטר,,,חומץ 5% יכין 1 ליטר,מיליליטרים,1000.00,"100 מ""ל",false,,5.90,0.0059,true,1,146435
7290000209043,false,מיץ לימון משומר יכין,,,מיץ לימון משומר יכין,מיליליטרים,1000.00,"100 מ""ל",false,,6.90,0.0069,true,1,146436
7290000209371,false,גרעיני תירס מתוק יכי,,,גרעיני תירס מתוק יכי,גרמים,420.00,100 גרם,false,,14.90,0.0355,true,1,146437
7290000209388,false,תירס לייט יכין 3 * 1,,,תירס לייט יכין 3 * 1,גרמים,369.00,100 גרם,false,,14.90,0.0404,true,1,146438
7290000209722,false,רוטב עגבניות פריכוז,,,רוטב עגבניות פריכוז,גרמים,580.00,100 גרם,false,,10.90,0.0188,true,1,146440
7290000209944,false,רוטב עגבניות לשקשוקה,,,רוטב עגבניות לשקשוקה,גרמים,260.00,100 גרם,false,,6.50,0.0250,true,1,146441
7290000209951,false,רוטב עגבניות לפיצה י,,,רוטב עגבניות לפיצה י,גרמים,260.00,100 גרם,false,,6.50,0.0250,true,1,146442
7290000210583,false,שניצל עגל בוואקום קפ,,,שניצל עגל בוואקום קפ,קילוגרמים,1.00,"ק""ג",true,,54.90,54.9000,true,1,150711
7290000211169,false,אורז תאילנדי סוגת 1,,,אורז תאילנדי סוגת 1,גרמים,1000.00,100 גרם,false,,6.90,0.0069,true,1,133731
7290000211442,false,אורז פרסי קלאסי סוגת,,,אורז פרסי קלאסי סוגת,גרמים,1000.00,100 גרם,false,,10.90,0.0109,true,1,140606
7290000211503,false,"סוכר לבן נייר 1 ק""ג",,,"סוכר לבן נייר 1 ק""ג",גרמים,1000.00,100 גרם,false,,4.50,0.0045,true,1,135438
7290000211985,false,אורז לבן עגול סוגת 1,,,אורז לבן עגול סוגת 1,גרמים,1000.00,100 גרם,false,,9.90,0.0099,true,1,144790
7290000229123,false,פסטרמה הודו על גחלים,,,פסטרמה הודו על גחלים,גרמים,400.00,100 גרם,false,,27.90,0.0697,true,1,141750
7290000238029,false,בצק עלים צרפתי מרודד,,,בצק עלים צרפתי מרודד,גרמים,1000.00,100 גרם,false,,15.90,0.0159,true,1,141092
7290000238036,false,מלאווח מעדנות 700 גר,,,מלאווח מעדנות 700 גר,גרמים,700.00,100 גרם,false,,14.90,0.0213,true,1,139045
7290000238173,false,בורקס גבינה מעדנות 8,,,בורקס גבינה מעדנות 8,גרמים,800.00,100 גרם,false,,14.90,0.0186,true,1,139050
7290000238180,false,בורקס תפוחי אדמה מעד,,,בורקס תפוחי אדמה מעד,גרמים,800.00,100 גרם,false,,14.90,0.0186,true,1,139046
7290000244761,false,ולוטה קרם ידיים 100,,,ולוטה קרם ידיים 100,מיליליטרים,100.00,"100 מ""ל",false,,8.90,0.0890,true,1,140421
7290000253220,false,שוקולד צ'יפס חום 260,,,שוקולד צ'יפס חום 260,גרמים,260.00,100 גרם,false,,11.90,0.0458,true,1,143399
7290000253251,false,שוקולד צ'יפס לבן 250,,,שוקולד צ'יפס לבן 250,גרמים,250.00,100 גרם,false,,11.90,0.0476,true,1,143400
7290000253374,false,מיני שוקולד צ'יפס או,,,מיני שוקולד צ'יפס או,גרמים,250.00,100 גרם,false,,14.90,0.0596,true,1,154229
7290000261039,false,עוף טרי ארוז חתם סופ,,,עוף טרי ארוז חתם סופ,קילוגרמים,1.00,"ק""ג",true,,21.90,21.9000,true,1,150838
7290000261040,false,חזה טרי ארוז חתם סופ,,,חזה טרי ארוז חתם סופ,קילוגרמים,1.00,"ק""ג",true,,31.90,31.9000,true,1,150839
7290000261041,false,כרעיים טרי ארוז חתם,,,כרעיים טרי ארוז חתם,קילוגרמים,1.00,"ק""ג",true,,24.90,24.9000,true,1,150840
7290000261044,false,שוקיים טרי ארוז חתם,,,שוקיים טרי ארוז חתם,קילוגרמים,1.00,"ק""ג",true,,34.90,34.9000,true,1,150843
7290000261045,false,פרגיות טרי ארוז חתם,,,פרגיות טרי ארוז חתם,קילוגרמים,1.00,"ק""ג",true,,69.90,69.9000,true,1,150844
7290000261046,false,כבד עוף טרי ארוז חתם,,,כבד עוף טרי ארוז חתם,קילוגרמים,1.00,"ק""ג",true,,29.90,29.9000,true,1,150845
7290000272696,false,מיץ לימון משומר מרכז,,,מיץ לימון משומר מרכז,מיליליטרים,1000.00,"100 מ""ל",false,,8.30,0.0083,true,1,135380
7290000284316,false,קוקה קולה 1.5 ליטר,,,קוקה קולה 1.5 ליטר,מיליליטרים,1500.00,"100 מ""ל",false,,9.10,0.0061,true,1,139601
7290000284347,false,קינלי סודה 1.5 ליטר,,,קינלי סודה 1.5 ליטר,מיליליטרים,1500.00,"100 מ""ל",false,,4.00,0.0027,true,1,139602
7290000287195,false,סנו רהיט אירוסול 300,,,סנו רהיט אירוסול 300,מיליליטרים,300.00,"100 מ""ל",false,,13.90,0.0463,true,1,142801
7290000287492,false,סנובון נוזלי לימון 7,,,סנובון נוזלי לימון 7,מיליליטרים,750.00,"100 מ""ל",false,,10.90,0.0145,true,1,141168
7290000288024,false,אקונומיקה בריח לימון,,,אקונומיקה בריח לימון,מיליליטרים,4000.00,"100 מ""ל",false,,16.90,0.0042,true,1,140764
7290000288048,false,מרסס לבנדר JAVEL 1 ל,,,מרסס לבנדר JAVEL 1 ל,מיליליטרים,750.00,"100 מ""ל",false,,17.90,0.0239,true,1,140756
7290000288079,false,אקונומיקה לימון סנו,,,אקונומיקה לימון סנו,מיליליטרים,2000.00,"100 מ""ל",false,,11.90,0.0060,true,1,141927
7290000288079,false,אקונומיקה לימון סנו,,,אקונומיקה לימון סנו,מיליליטרים,2000.00,"100 מ""ל",false,,11.90,0.0060,true,1,139710
7290000288352,false,קוטל חרקים קיי - 300,,,קוטל חרקים קיי - 300,מיליליטרים,630.00,"100 מ""ל",false,,19.90,0.0316,true,1,139711
7290000288352,false,קוטל חרקים קיי - 300,,,קוטל חרקים קיי - 300,מיליליטרים,630.00,"100 מ""ל",false,,19.90,0.0316,true,1,141982
7290000289069,false,מרסס לימון JAVEL 1 ל,,,מרסס לימון JAVEL 1 ל,מיליליטרים,1000.00,"100 מ""ל",false,,17.90,0.0179,true,1,139713
7290000291956,false,סנו זאוול אוקונומיקה,,,סנו זאוול אוקונומיקה,מיליליטרים,1000.00,"100 מ""ל",false,,8.90,0.0089,true,1,142808
7290000292687,false,סנובון כחול לניקוי ה,,,סנובון כחול לניקוי ה,גרמים,165.00,100 גרם,false,,15.90,0.0964,true,1,139709
7290000293073,false,מרכך כביסה ביו לבן ס,,,מרכך כביסה ביו לבן ס,מיליליטרים,4000.00,"100 מ""ל",false,,21.90,0.0055,true,1,141169
7290000293820,false,קרמה מן קרבון ג'ל רח,,,קרמה מן קרבון ג'ל רח,מיליליטרים,700.00,"100 מ""ל",false,,15.90,0.0227,true,1,140759
7290000295343,false,מקסימה אבקת כביסה 1.,,,מקסימה אבקת כביסה 1.,גרמים,1250.00,100 גרם,false,,14.90,0.0119,true,1,142812
7290000295367,false,מקסימה אבקת כביסה זא,,,מקסימה אבקת כביסה זא,גרמים,2500.00,100 גרם,false,,23.90,0.0096,true,1,142813
7290000295404,false,סנו סושי 60 שקיות אש,,,סנו סושי 60 שקיות אש,Unknown,60.00,יחידה,false,,19.90,0.3317,true,1,142718
7290000295558,false,צמד רדיד אלומיניום,,,צמד רדיד אלומיניום,Unknown,2.00,יחידה,false,,10.90,5.4500,true,1,142815
7290000311180,false,וופל מן עוגיות 250 ג,,,וופל מן עוגיות 250 ג,Unknown,20.00,יחידה,false,,8.50,0.4250,true,1,146690
7290000311203,false,וופלים בטעם שוקולד מ,,,וופלים בטעם שוקולד מ,גרמים,200.00,100 גרם,false,,5.50,0.0275,true,1,144160
7290000311227,false,וופלים עם קפה מן 200,,,וופלים עם קפה מן 200,גרמים,200.00,100 גרם,false,,5.50,0.0275,true,1,146694
7290000311425,false,ופל מצופה אישי מן 10,,,ופל מצופה אישי מן 10,גרמים,220.00,100 גרם,false,,8.90,0.0405,true,1,144162
7290000311463,false,עוגיות חיטה מלאה חמא,,,עוגיות חיטה מלאה חמא,גרמים,200.00,100 גרם,false,,11.90,0.0595,true,1,161452
7290000311500,false,ופלים שוקולד מן 500,,,ופלים שוקולד מן 500,גרמים,500.00,100 גרם,false,,8.70,0.0174,true,1,146696
7290000313160,false,עוגיות זהבה ושלושת ה,,,עוגיות זהבה ושלושת ה,גרמים,250.00,100 גרם,false,,7.90,0.0316,true,1,139851
7290000313184,false,עוגיות גן חיות בטעם,,,עוגיות גן חיות בטעם,גרמים,250.00,100 גרם,false,,7.90,0.0316,true,1,148502
7290000318127,false,נקניקיות ביס ללא גלו,,,נקניקיות ביס ללא גלו,גרמים,380.00,100 גרם,false,,10.90,0.0287,true,1,143057
7290000318677,false,סלמי סרוולט בפריסה ד,,,סלמי סרוולט בפריסה ד,גרמים,150.00,100 גרם,false,,24.90,0.1660,true,1,143059
7290000318943,false,פסטרמה של פעם יחיעם,,,פסטרמה של פעם יחיעם,גרמים,200.00,100 גרם,false,,23.90,0.1195,true,1,143060
7290000319124,false,סלמי סרוולד יחיעם 25,,,סלמי סרוולד יחיעם 25,גרמים,250.00,100 גרם,false,,38.90,0.1556,true,1,160323
7290000319131,false,נקניקיות עוף ללא גלו,,,נקניקיות עוף ללא גלו,גרמים,400.00,100 גרם,false,,11.90,0.0298,true,1,153207
7290000339566,false,בדין מרכך כביסה ורוד,,,בדין מרכך כביסה ורוד,קילוגרמים,4.00,ליטר,false,,19.90,4.9750,true,1,145812
7290000340500,false,סלרי חתוך,,,סלרי חתוך,Unknown,1.00,יחידה,false,,5.90,5.9000,true,1,146332
7290000341071,false,מרכך כביסה בייבי בדי,,,מרכך כביסה בייבי בדי,מיליליטרים,2000.00,"100 מ""ל",false,,15.90,0.0080,true,1,140452
7290000342856,false,בדין מרכך כביסה כחול,,,בדין מרכך כביסה כחול,קילוגרמים,4.00,ליטר,false,,19.90,4.9750,true,1,145813
7290000345260,false,1.5/25 במעטפה,,,1.5/25 במעטפה,Unknown,25.00,יחידה,false,,6.90,0.2760,true,1,140826
7290000345277,false,תה קלאסיק מעטפות ויס,,,תה קלאסיק מעטפות ויס,Unknown,50.00,יחידה,false,,12.90,0.2580,true,1,143401
7290000345284,false,תה קלאסי טעם עשיר וי,,,תה קלאסי טעם עשיר וי,Unknown,100.00,יחידה,false,,16.90,0.1690,true,1,140827
7290000345291,false,תה ארל גריי ויסוצקי,,,תה ארל גריי ויסוצקי,Unknown,25.00,יחידה,false,,14.90,0.5960,true,1,140828
7290000346137,false,חליטת הילולי פירות ה,,,חליטת הילולי פירות ה,Unknown,25.00,יחידה,false,,17.90,0.7160,true,1,143434
7290000346199,false,חליטת פירות וצמחים פ,,,חליטת פירות וצמחים פ,Unknown,25.00,יחידה,false,,17.90,0.7160,true,1,143435
7290000346205,false,חליטת גן קסום קמומיל,,,חליטת גן קסום קמומיל,Unknown,25.00,יחידה,false,,17.90,0.7160,true,1,140829
7290000347738,false,תה ירוק נענע ויסוצקי,,,תה ירוק נענע ויסוצקי,Unknown,25.00,יחידה,false,,24.90,0.9960,true,1,140831
7290000347752,false,תה ירוק לימונית ולוא,,,תה ירוק לימונית ולוא,Unknown,25.00,יחידה,false,,24.90,0.9960,true,1,140832
7290000359410,true,נקטר מנגו 1 ליטר,,,נקטר מנגו 1 ליטר,,0.00,,false,,5.00,0.0000,true,1,132526
7290000363707,true,גריסים 500 גרם,,,גריסים 500 גרם,,0.00,,false,,0.00,0.0000,true,1,134737
7290000364131,false,סלמי פריזר כפרי טירת,,,סלמי פריזר כפרי טירת,גרמים,400.00,100 גרם,false,,13.90,0.0348,true,1,150383
7290000364261,false,דקניקים פסטרמה כתף ב,,,דקניקים פסטרמה כתף ב,גרמים,120.00,100 גרם,false,,13.90,0.1158,true,1,141746
7290000364278,false,דקניקים סלמי איטלקי,,,דקניקים סלמי איטלקי,גרמים,120.00,100 גרם,false,,13.90,0.1158,true,1,141747
7290000364285,false,דקניקים פסטרמה הודו,,,דקניקים פסטרמה הודו,גרמים,120.00,100 גרם,false,,13.90,0.1158,true,1,141748
7290000364872,false,נקניקיות עוף 400 גרם,,,נקניקיות עוף 400 גרם,גרמים,400.00,100 גרם,false,,11.90,0.0298,true,1,148306
7290000367590,false,פסטרמה כפרית וסלמי פ,,,פסטרמה כפרית וסלמי פ,גרמים,800.00,100 גרם,false,,24.90,0.0311,true,1,150385
7290000377612,false,מיץ פריגת סחוט תפוזי,,,מיץ פריגת סחוט תפוזי,מיליליטרים,400.00,"100 מ""ל",false,,9.90,0.0248,true,1,139625
7290000408316,false,יוגורט דנונה ביו 3%,,,יוגורט דנונה ביו 3%,גרמים,200.00,100 גרם,false,,3.70,0.0185,true,1,142876
7290000411644,true,דבש פרחי בר 120 גרם,,,דבש פרחי בר 120 גרם,,0.00,,false,,5.00,0.0000,true,1,132665
7290000412481,false,"סנו מנקה אסלות ""00""",,,"סנו מנקה אסלות ""00""",מיליליטרים,1000.00,"100 מ""ל",false,,8.90,0.0089,true,1,139715
7290000412481,false,"סנו מנקה אסלות ""00""",,,"סנו מנקה אסלות ""00""",מיליליטרים,1000.00,"100 מ""ל",false,,8.90,0.0089,true,1,141928
7290000416021,false,ממרח שוקולד השחר 500,,,ממרח שוקולד השחר 500,גרמים,500.00,100 גרם,false,,13.90,0.0278,true,1,141248
7290000416618,false,שוקולד השחר פרווה 40,,,שוקולד השחר פרווה 40,גרמים,400.00,100 גרם,false,,11.40,0.0285,true,1,141249
7290000419107,false,קפה שחור לנדוור המקו,,,קפה שחור לנדוור המקו,גרמים,100.00,100 גרם,false,,7.90,0.0790,true,1,144224
7290000420325,false,פופקורן טבעי למיקרוג,,,פופקורן טבעי למיקרוג,Unknown,5.00,יחידה,false,,13.90,2.7800,true,1,141403
7290000420332,false,פופקורן חמאה למיקרוג,,,פופקורן חמאה למיקרוג,Unknown,5.00,יחידה,false,,13.90,2.7800,true,1,141404
7290000433745,false,מירנדה 1.5 ליטר,,,מירנדה 1.5 ליטר,מיליליטרים,1500.00,"100 מ""ל",false,,6.90,0.0046,true,1,132454
7290000450209,false,טונה פוסידון 108 גרם,,,טונה פוסידון 108 גרם,גרמים,108.00,100 גרם,false,,5.90,0.0546,true,1,141476
7290000450308,false,נתחי טונה בהירה במי,,,נתחי טונה בהירה במי,גרמים,108.00,100 גרם,false,,5.00,0.0463,true,1,141477
7290000453798,false,שמרים יבשים אקטיבים,,,שמרים יבשים אקטיבים,גרמים,500.00,100 גרם,false,,12.90,0.0258,true,1,141986
7290000461625,false,בייגלה שמיניות חטיף,,,בייגלה שמיניות חטיף,גרמים,400.00,100 גרם,false,,8.90,0.0223,true,1,139648
7290000461656,false,בייגלה מקלות חטיף אפ,,,בייגלה מקלות חטיף אפ,גרמים,400.00,100 גרם,false,,8.90,0.0223,true,1,144837
7290000462141,false,זחוק תימני אדום חריף,,,זחוק תימני אדום חריף,גרמים,150.00,100 גרם,false,,7.90,0.0527,true,1,142126
7290000462172,false,זחוק תימני ירוק חריף,,,זחוק תימני ירוק חריף,גרמים,150.00,100 גרם,false,,6.90,0.0460,true,1,142128
7290000465289,false,ב.הש.זיתים ירוקים מב,,,ב.הש.זיתים ירוקים מב,גרמים,340.00,100 גרם,false,,10.90,0.0321,true,1,148508
7290000467887,false,ביסלי פיצה 55 גרם,,,ביסלי פיצה 55 גרם,גרמים,55.00,100 גרם,false,,3.90,0.0709,true,1,148511
7290000468747,false,ביסלי גריל 55 גרם,,,ביסלי גריל 55 גרם,גרמים,55.00,100 גרם,false,,3.90,0.0709,true,1,132999
7290000468877,false,ביסלי בצל 55 גרם,,,ביסלי בצל 55 גרם,גרמים,55.00,100 גרם,false,,3.90,0.0709,true,1,139853
7290000474090,false,חלב בקרטון 1% - 1 לי,,,חלב בקרטון 1% - 1 לי,מיליליטרים,1000.00,"100 מ""ל",false,,5.86,0.0059,true,1,136205
7290000474373,false,שמנת חמוצה לבישול וא,,,שמנת חמוצה לבישול וא,מיליליטרים,200.00,"100 מ""ל",false,,2.40,0.0120,true,1,152617
7290000474502,false,גבינה לבנה 5% טרה 25,,,גבינה לבנה 5% טרה 25,גרמים,250.00,100 גרם,false,,4.98,0.0199,true,1,144957
7290000474540,false,גבינה לבנה חצי קשה 3,,,גבינה לבנה חצי קשה 3,גרמים,250.00,100 גרם,false,,10.20,0.0408,true,1,152452
7290000480107,false,שיבולת שועל הולנדי ק,,,שיבולת שועל הולנדי ק,גרמים,500.00,100 גרם,false,,13.90,0.0278,true,1,140113
7290000480442,false,קוואקר שיבולת שועל ש,,,קוואקר שיבולת שועל ש,גרמים,500.00,100 גרם,false,,11.90,0.0238,true,1,140709
7290000481029,false,מארז פיתות מזרחיות ע,,,מארז פיתות מזרחיות ע,Unknown,10.00,יחידה,false,,10.90,1.0900,true,1,155384
7290000481043,false,פיתות כוסמין מלא 10,,,פיתות כוסמין מלא 10,גרמים,700.00,100 גרם,false,,14.90,0.0213,true,1,156336
7290000481883,false,עשיריית לחמניות אצבע,,,עשיריית לחמניות אצבע,גרמים,750.00,100 גרם,false,,11.90,0.0159,true,1,155379
7290000484747,false,"ערק עלית הארק 700 מ""",,,"ערק עלית הארק 700 מ""",מיליליטרים,700.00,"100 מ""ל",false,,50.20,0.0717,true,1,145576
7290000484747,false,"ערק עלית הארק 700 מ""",,,"ערק עלית הארק 700 מ""",מיליליטרים,700.00,"100 מ""ל",false,,50.20,0.0717,true,1,145833
7290000493183,false,אסם אבקת רוטב פטריות,,,אסם אבקת רוטב פטריות,גרמים,30.00,100 גרם,false,,3.50,0.1167,true,1,132666
7290000494616,true,שוקו 250 גרם,,,שוקו 250 גרם,,0.00,,false,,0.00,0.0000,true,1,134652
7290000504025,false,סוכרזית קלאסי פטרייה,,,סוכרזית קלאסי פטרייה,Unknown,300.00,יחידה,false,,7.90,0.0263,true,1,141220
7290000514567,true,תירס מתוק 550 גרם,,,תירס מתוק 550 גרם,,0.00,,false,,5.00,0.0000,true,1,132655
7290000521008,false,יין אדום יבש יקבי סג,,,יין אדום יבש יקבי סג,מיליליטרים,750.00,"100 מ""ל",false,,21.90,0.0292,true,1,143155
7290000521015,false,יין לבן יבש יקבי סגל,,,יין לבן יבש יקבי סגל,מיליליטרים,750.00,"100 מ""ל",false,,21.90,0.0292,true,1,143156
7290000521022,false,יין לבן חצי יבש יקבי,,,יין לבן חצי יבש יקבי,מיליליטרים,750.00,"100 מ""ל",false,,21.90,0.0292,true,1,143157
7290000522104,true,חלב עמיד 1 3%- ליטר,,,חלב עמיד 1 3%- ליטר,,0.00,,false,,0.00,0.0000,true,1,134884
7290000522111,true,חלב עמיד 1 1%- ליטר,,,חלב עמיד 1 1%- ליטר,,0.00,,false,,0.00,0.0000,true,1,134883
7290000522403,true,קצפת צמחית 250 גרם,,,קצפת צמחית 250 גרם,,0.00,,false,,5.00,0.0000,true,1,132921
7290000523224,false,מלח ים דק מלח הארץ 5,,,מלח ים דק מלח הארץ 5,גרמים,500.00,100 גרם,false,,7.90,0.0158,true,1,139408
7290000525143,true,מיץ עגבניות 1  ליטר,,,מיץ עגבניות 1  ליטר,,0.00,,false,,5.00,0.0000,true,1,132527
7290000525938,true,נקטר תפוזים 1 ליטר,,,נקטר תפוזים 1 ליטר,,0.00,,false,,5.00,0.0000,true,1,132528
7290000525952,true,נקטר תפוחים 1 ליטר,,,נקטר תפוחים 1 ליטר,,0.00,,false,,5.00,0.0000,true,1,132529
7290000529219,true,תה קמומיל,,,תה קמומיל,,0.00,,false,,0.00,0.0000,true,1,135577
7290000529424,true,תה ירוק לימונית לואי,,,תה ירוק לימונית לואי,,0.00,,false,,0.00,0.0000,true,1,135578
7290000529509,true,תה ארל גריי,,,תה ארל גריי,,0.00,,false,,0.00,0.0000,true,1,135812
7290000529707,true,תה אנגלי קלאסי,,,תה אנגלי קלאסי,,0.00,,false,,0.00,0.0000,true,1,135813
7290000529714,true,תה ארל גריי,,,תה ארל גריי,,0.00,,false,,0.00,0.0000,true,1,135579
7290000529851,true,תה ירוק נענע,,,תה ירוק נענע,,0.00,,false,,0.00,0.0000,true,1,135580
7290000530086,false,סלמי מעושן 7000 600,,,סלמי מעושן 7000 600,גרמים,600.00,100 גרם,false,,24.90,0.0415,true,1,147788
7290000530116,false,נקניק סלמי בשן 470 ג,,,נקניק סלמי בשן 470 ג,גרמים,470.00,100 גרם,false,,24.90,0.0530,true,1,156727
7290000530413,false,המבורגר זהב 400 גרם,,,המבורגר זהב 400 גרם,גרמים,400.00,100 גרם,false,,19.90,0.0497,true,1,140770
7290000530598,false,נקניקיות וינר 500 גר,,,נקניקיות וינר 500 גר,גרמים,500.00,100 גרם,false,,14.90,0.0298,true,1,146598
7290000530703,false,תה מעושן 400 גרם + פ,,,תה מעושן 400 גרם + פ,גרמים,800.00,100 גרם,false,,29.90,0.0374,true,1,140771
7290000536743,false,קריספי סטיקס תירס 50,,,קריספי סטיקס תירס 50,גרמים,500.00,100 גרם,false,,15.30,0.0306,true,1,140774
7290000537566,false,נקניקיות עוף זוגלובק,,,נקניקיות עוף זוגלובק,גרמים,400.00,100 גרם,false,,12.90,0.0323,true,1,140775
7290000538709,false,תה מעושן זוגלובק 200,,,תה מעושן זוגלובק 200,גרמים,200.00,100 גרם,false,,14.90,0.0745,true,1,142454
7290000547299,true,אבקת סוכר 100 גרם,,,אבקת סוכר 100 גרם,,0.00,,false,,0.00,0.0000,true,1,137019
7290000554402,false,מעדן חלב מלבי גד 160,,,מעדן חלב מלבי גד 160,גרמים,160.00,100 גרם,false,,5.50,0.0344,true,1,141344
7290000554457,false,גבינה צפתית 5% גד 35,,,גבינה צפתית 5% גד 35,גרמים,350.00,100 גרם,false,,19.90,0.0569,true,1,141336
7290000554532,false,צפתית מעודנת 5% מחלב,,,צפתית מעודנת 5% מחלב,גרמים,200.00,100 גרם,false,,13.90,0.0695,true,1,136370
7290000554600,false,גבינת מוצרלה מגורדת,,,גבינת מוצרלה מגורדת,גרמים,300.00,100 גרם,false,,24.90,0.0830,true,1,141338
7290000554624,false,מעדן ירח מתוק 3% 150,,,מעדן ירח מתוק 3% 150,גרמים,150.00,100 גרם,false,,5.90,0.0393,true,1,136371
7290000554686,false,גבינת לאבנה בשמן זית,,,גבינת לאבנה בשמן זית,גרמים,250.00,100 גרם,false,,13.80,0.0552,true,1,136372
7290000554822,false,ריקוטה 5% 250 גרם,,,ריקוטה 5% 250 גרם,גרמים,250.00,100 גרם,false,,12.90,0.0516,true,1,136373
7290000554839,false,גבינת מסקרפונה 40% ג,,,גבינת מסקרפונה 40% ג,גרמים,250.00,100 גרם,false,,19.90,0.0796,true,1,141339
7290000572208,false,חלווה אחווה 100 גרם,,,חלווה אחווה 100 גרם,גרמים,100.00,100 גרם,false,,2.90,0.0290,true,1,133404
7290000572543,false,חלווה שיש 400 גרם במ,,,חלווה שיש 400 גרם במ,גרמים,400.00,100 גרם,false,,12.90,0.0323,true,1,145343
7290000574035,false,לחם אחיד פרוס דגנית,,,לחם אחיד פרוס דגנית,גרמים,750.00,100 גרם,false,,6.90,0.0092,true,1,155315
7290000574141,false,לחם חיטה מלא דגנית 7,,,לחם חיטה מלא דגנית 7,גרמים,750.00,100 גרם,false,,13.90,0.0185,true,1,155380
7290000574172,false,לחם קל מחיטה מלאה דג,,,לחם קל מחיטה מלאה דג,גרמים,750.00,100 גרם,false,,13.90,0.0185,true,1,155381
7290000574455,false,לחם חיטה+כוסמין דגני,,,לחם חיטה+כוסמין דגני,גרמים,750.00,100 גרם,false,,13.90,0.0185,true,1,155320
7290000604015,false,ביצים ענקיות XL תנוב,,,ביצים ענקיות XL תנוב,Unknown,12.00,יחידה,false,,13.10,1.0917,true,1,147266
7290000604015,false,ביצים ענקיות XL תנוב,,,ביצים ענקיות XL תנוב,Unknown,12.00,יחידה,false,,13.10,1.0917,true,1,147274
7290000604022,false,12 ביצים L גדול,,,12 ביצים L גדול,Unknown,12.00,יחידה,false,,12.05,1.0042,true,1,139652
7290000604022,false,12 ביצים L גדול,,,12 ביצים L גדול,Unknown,12.00,יחידה,false,,12.05,1.0042,true,1,147267
7290000604534,false,ביצים בינוניות M תנו,,,ביצים בינוניות M תנו,Unknown,30.00,יחידה,false,,27.80,0.9267,true,1,147272
7290000604534,false,ביצים בינוניות M תנו,,,ביצים בינוניות M תנו,Unknown,30.00,יחידה,false,,27.80,0.9267,true,1,147278
7290000654546,false,פילה אמנון קפוא 7-9,,,פילה אמנון קפוא 7-9,קילוגרמים,1.00,"ק""ג",true,,36.90,36.9000,true,1,159884
7290000663135,false,קוביות סלמון קפוא דג,,,קוביות סלמון קפוא דג,גרמים,300.00,100 גרם,false,,29.90,0.0997,true,1,159887
7290000688381,false,מים מינרליים פקק ספו,,,מים מינרליים פקק ספו,מיליליטרים,3000.00,"100 מ""ל",false,,13.90,0.0046,true,1,137175
7290000688466,false,מים מינרלים פקק ספור,,,מים מינרלים פקק ספור,מיליליטרים,750.00,"100 מ""ל",false,,5.70,0.0076,true,1,161551
7290000688503,false,מים מינרלים פקק ספור,,,מים מינרלים פקק ספור,מיליליטרים,4500.00,"100 מ""ל",false,,16.70,0.0037,true,1,154173
7290000692227,false,נוזל לניקוי כלים 18%,,,נוזל לניקוי כלים 18%,מיליליטרים,1000.00,"100 מ""ל",false,,13.90,0.0139,true,1,144635
7290000741602,true,חטיף מיקספלקס טירמיס,,,חטיף מיקספלקס טירמיס,,0.00,,false,,5.00,0.0000,true,1,133692
7290000961804,false,דלעת חתוכה,,,דלעת חתוכה,קילוגרמים,1.00,"ק""ג",true,,9.80,9.8000,true,1,146333
7290000966793,true,דובדבן לבן 250 גרם ב,,,דובדבן לבן 250 גרם ב,,0.00,,false,,16.90,0.0000,true,1,140105
7290000995410,false,נבטים סיניים נבטי הע,,,נבטים סיניים נבטי הע,Unknown,1.00,יחידה,false,,6.90,6.9000,true,1,146334
7290001121238,false,קורנד ביף 180גר',,,קורנד ביף 180גר',גרמים,180.00,100 גרם,false,,24.90,0.1383,true,1,141719
7290001121979,false,סלמי הרץ 150גר',,,סלמי הרץ 150גר',גרמים,150.00,100 גרם,false,,24.90,0.1660,true,1,143063
7290001123775,false,שווארמה פרגיות 500 ג,,,שווארמה פרגיות 500 ג,גרמים,500.00,100 גרם,false,,24.90,0.0498,true,1,141513
7290001179291,false,צלחת 9' קרם (25 יח'),,,צלחת 9' קרם (25 יח'),Unknown,25.00,יחידה,false,,11.90,0.4760,true,1,141734
7290001216040,false,טחינה אל ארז שומשום,,,טחינה אל ארז שומשום,גרמים,500.00,100 גרם,false,,16.90,0.0338,true,1,143895
7290001216231,false,טחינה אל ארז שומשום,,,טחינה אל ארז שומשום,גרמים,500.00,100 גרם,false,,17.20,0.0344,true,1,144441
7290001246122,false,תרסיס ניקוי כללי 750,,,תרסיס ניקוי כללי 750,מיליליטרים,750.00,"100 מ""ל",false,,11.90,0.0159,true,1,145314
7290001247143,false,נקטר תפוחים בקרטון ס,,,נקטר תפוחים בקרטון ס,מיליליטרים,1000.00,"100 מ""ל",false,,6.80,0.0068,true,1,134350
7290001247723,false,ספרינג נקטר תות בננה,,,ספרינג נקטר תות בננה,מיליליטרים,330.00,"100 מ""ל",false,,6.20,0.0188,true,1,162376
7290001247730,false,ספרינג נקטר מנגו פחי,,,ספרינג נקטר מנגו פחי,מיליליטרים,330.00,"100 מ""ל",false,,6.20,0.0188,true,1,162377
7290001274293,false,סנקור ארוך XL,,,סנקור ארוך XL,גרמים,70.00,100 גרם,false,,5.90,0.0843,true,1,160051
7290001302279,false,במבה קלאסי 60 גרם,,,במבה קלאסי 60 גרם,גרמים,60.00,100 גרם,false,,4.30,0.0717,true,1,133000
7290001305188,false,נוזל לניקוי כלים 18%,,,נוזל לניקוי כלים 18%,מיליליטרים,750.00,"100 מ""ל",false,,11.90,0.0159,true,1,143734
7290001343982,true,גרנולה 240 גרם,,,גרנולה 240 גרם,,0.00,,false,,5.00,0.0000,true,1,132895
7290001419618,false,ופלים בסגנון בלגי בט,,,ופלים בסגנון בלגי בט,גרמים,200.00,100 גרם,false,,3.50,0.0175,true,1,146296
7290001419779,false,ופלים בטעם שוקולד על,,,ופלים בטעם שוקולד על,גרמים,200.00,100 גרם,false,,3.50,0.0175,true,1,146297
7290001419793,false,עלמה גביעי גלידה 12,,,עלמה גביעי גלידה 12,Unknown,12.00,יחידה,false,,11.90,0.9917,true,1,143896
7290001419892,false,ופלים קלאסיים בטעם ל,,,ופלים קלאסיים בטעם ל,גרמים,200.00,100 גרם,false,,3.50,0.0175,true,1,146298
7290001436196,true,מפעל-ממרח אבוקדו,,,מפעל-ממרח אבוקדו,,0.00,,false,,0.00,0.0000,true,1,137117
7290001485019,false,גבינת קרם שמנת 5% טב,,,גבינת קרם שמנת 5% טב,גרמים,200.00,100 גרם,false,,10.90,0.0545,true,1,145183
7290001491010,false,תה ירוק יסמין ויסוצק,,,תה ירוק יסמין ויסוצק,Unknown,25.00,יחידה,false,,24.90,0.9960,true,1,149797
7290001594155,false,"קוקה קולה 500 מ""ל",,,"קוקה קולה 500 מ""ל",מיליליטרים,500.00,"100 מ""ל",false,,6.20,0.0124,true,1,138607
7290001594865,false,"קרלסברג שישיה 330 מ""",,,"קרלסברג שישיה 330 מ""",מיליליטרים,1980.00,"100 מ""ל",false,,41.70,0.0211,true,1,145387
7290001778203,true,כוס וניל סירופ שוקול,,,כוס וניל סירופ שוקול,,0.00,,false,,5.00,0.0000,true,1,133040
7290001789711,false,סט 3 קופסאות מלבניות,,,סט 3 קופסאות מלבניות,Unknown,3.00,יחידה,false,,10.90,3.6333,true,1,161941
7290001789735,false,סט 3 קופסאות מלבניות,,,סט 3 קופסאות מלבניות,Unknown,3.00,יחידה,false,,10.90,3.6333,true,1,161703
7290001791349,false,אקונומיקה ריחנית פיס,,,אקונומיקה ריחנית פיס,מיליליטרים,4000.00,"100 מ""ל",false,,11.90,0.0030,true,1,141170
7290001817728,false,ציטוס כאפה 55 גרם,,,ציטוס כאפה 55 גרם,גרמים,55.00,100 גרם,false,,3.10,0.0564,true,1,136893
7290001989425,true,מפעל-פרוסות חציל נקי,,,מפעל-פרוסות חציל נקי,,0.00,,false,,2999.90,0.0000,true,1,135189
7290001989724,true,מפעל-קוביות בטטה מטו,,,מפעל-קוביות בטטה מטו,,0.00,,false,,0.00,0.0000,true,1,137459
7290001990148,false,סוכר גולדן קלאסי בצנ,,,סוכר גולדן קלאסי בצנ,פריט,1.00,"ק""ג",false,,12.90,12.9000,true,1,146765
7290002015673,true,מפעל-שיפקה לחץ 9 ליט,,,מפעל-שיפקה לחץ 9 ליט,קילוגרמים,1.00,"ק""ג",true,,2999.90,2999.9000,true,1,136273
7290002019763,false,עגבניות מרוסקות 800,,,עגבניות מרוסקות 800,גרמים,800.00,100 גרם,false,,7.90,0.0099,true,1,141273
7290002019787,false,פריניר רוטב עגבניות,,,פריניר רוטב עגבניות,גרמים,260.00,100 גרם,false,,3.90,0.0150,true,1,141270
7290002019794,false,רסק עגבניות פריניר 1,,,רסק עגבניות פריניר 1,גרמים,100.00,100 גרם,false,,1.90,0.0190,true,1,141271
7290002027379,true,מיסטר אייס להקפאה 8,,,מיסטר אייס להקפאה 8,,0.00,,false,,5.00,0.0000,true,1,132580
7290002043188,false,ציפס אורז חום מלא צי,,,ציפס אורז חום מלא צי,גרמים,60.00,100 גרם,false,,7.20,0.1200,true,1,152651
7290002043782,false,ציפס אורז חום מלא טק,,,ציפס אורז חום מלא טק,גרמים,60.00,100 גרם,false,,7.20,0.1200,true,1,152654
7290002057017,false,זיתים נובו ענק יבנה,,,זיתים נובו ענק יבנה,גרמים,540.00,100 גרם,false,,9.90,0.0183,true,1,141387
7290002057123,false,זית חרוזית ירוק 275,,,זית חרוזית ירוק 275,גרמים,275.00,100 גרם,false,,9.50,0.0345,true,1,141379
7290002057369,false,מלפפון קטן במלח 540,,,מלפפון קטן במלח 540,גרמים,540.00,100 גרם,false,,7.90,0.0146,true,1,138798
7290002057383,false,מלפפון קטן במלח 18-2,,,מלפפון קטן במלח 18-2,גרמים,540.00,100 גרם,false,,12.90,0.0239,true,1,141388
7290002057604,false,פלפל חריף שיפקה 225,,,פלפל חריף שיפקה 225,גרמים,225.00,100 גרם,false,,5.50,0.0244,true,1,134371
7290002065555,false,הלחמניה - לחמניות רכ,,,הלחמניה - לחמניות רכ,Unknown,6.00,יחידה,false,,11.90,1.9833,true,1,145658
7290002065555,false,הלחמניה - לחמניות רכ,,,הלחמניה - לחמניות רכ,Unknown,6.00,יחידה,false,,11.90,1.9833,true,1,146120
7290002065616,false,לחם שיפון גרעינים פר,,,לחם שיפון גרעינים פר,גרמים,750.00,100 גרם,false,,12.90,0.0172,true,1,145489
7290002079033,false,לחם דגנים לייט 500 ג,,,לחם דגנים לייט 500 ג,גרמים,500.00,100 גרם,false,,12.90,0.0258,true,1,141264
7290002079217,false,מחמצת עם אגוזים שיפו,,,מחמצת עם אגוזים שיפו,גרמים,650.00,100 גרם,false,,13.90,0.0214,true,1,136793
7290002079361,false,מארז המבורגר 2+6 יחי,,,מארז המבורגר 2+6 יחי,Unknown,8.00,יחידה,false,,18.90,2.3625,true,1,142710
7290002079477,false,לחם אחיד פרוס 750 גר,,,לחם אחיד פרוס 750 גר,גרמים,750.00,100 גרם,false,,6.90,0.0092,true,1,132324
7290002079477,false,לחם אחיד פרוס 750 גר,,,לחם אחיד פרוס 750 גר,גרמים,750.00,100 גרם,false,,6.90,0.0092,true,1,145257
7290002079590,true,חלה רגילה 500 גרם,,,חלה רגילה 500 גרם,,0.00,,false,,5.00,0.0000,true,1,133164
7290002079996,false,לחם אחיד קל פרוס 750,,,לחם אחיד קל פרוס 750,גרמים,750.00,100 גרם,false,,11.90,0.0159,true,1,141251
7290002105220,false,שריר הזרוע 8 צרכני ב,,,שריר הזרוע 8 צרכני ב,קילוגרמים,1.00,"ק""ג",true,,59.90,59.9000,true,1,147259
7290002105749,false,"טחון בקר נקי 1 ק""ג ק",,,"טחון בקר נקי 1 ק""ג ק",גרמים,1000.00,100 גרם,false,,45.90,0.0459,true,1,161307
7290002105831,false,שניצל עגל בוואקום קפ,,,שניצל עגל בוואקום קפ,קילוגרמים,1.00,"ק""ג",true,,54.90,54.9000,true,1,151085
7290002109488,false,קבב אמיתי טיבון ויל,,,קבב אמיתי טיבון ויל,גרמים,440.00,100 גרם,false,,19.90,0.0452,true,1,159232
7290002130567,false,דבש טהור יד מרדכי 35,,,דבש טהור יד מרדכי 35,גרמים,350.00,100 גרם,false,,18.90,0.0540,true,1,140115
7290002157182,false,אבקת ג'לטין טהור נטו,,,אבקת ג'לטין טהור נטו,גרמים,28.00,100 גרם,false,,9.90,0.3536,true,1,147457
7290002157953,false,טונה ויליגר שמן קנול,,,טונה ויליגר שמן קנול,גרמים,560.00,100 גרם,false,,19.90,0.0355,true,1,141481
7290002157960,false,רביעיית טונה במים 56,,,רביעיית טונה במים 56,גרמים,560.00,100 גרם,false,,19.90,0.0355,true,1,150174
7290002276036,true,לחמניה מזרחית עם שומ,,,לחמניה מזרחית עם שומ,,0.00,,false,,2999.90,0.0000,true,1,135041
7290002277927,false,מעדניה - פילה אמנון,,,מעדניה - פילה אמנון,קילוגרמים,1.00,"ק""ג",true,,30.90,30.9000,true,1,149543
7290002278528,false,שבת כלין,,,שבת כלין,Unknown,2.00,יחידה,false,,8.60,4.3000,true,1,139291
7290002279211,false,חלה מתוקה ארוזה אלומ,,,חלה מתוקה ארוזה אלומ,גרמים,500.00,100 גרם,false,,10.90,0.0218,true,1,137016
7290002321750,false,מעדניה - פילה אמנון,,,מעדניה - פילה אמנון,קילוגרמים,1.00,"ק""ג",true,,30.90,30.9000,true,1,149544
7290002327042,false,בורקס תפוחי אדמה שלו,,,בורקס תפוחי אדמה שלו,גרמים,800.00,100 גרם,false,,19.90,0.0249,true,1,141524
7290002331018,false,מים מינרלים נביעות 5,,,מים מינרלים נביעות 5,מיליליטרים,500.00,"100 מ""ל",false,,3.90,0.0078,true,1,133363
7290002331162,false,מים מינרליים נביעות,,,מים מינרליים נביעות,מיליליטרים,1500.00,"100 מ""ל",false,,4.20,0.0028,true,1,154507
7290002331360,false,נביעות TOGO שישייה 5,,,נביעות TOGO שישייה 5,מיליליטרים,3000.00,"100 מ""ל",false,,14.90,0.0050,true,1,139113
7290002331483,false,מים מינרלים נביעות 6,,,מים מינרלים נביעות 6,מיליליטרים,1920.00,"100 מ""ל",false,,15.70,0.0082,true,1,143796
7290002331490,false,נביעות 1 ליטר,,,נביעות 1 ליטר,מיליליטרים,1000.00,"100 מ""ל",false,,3.60,0.0036,true,1,144970
7290002345435,false,פילה מרלוזה ארגנטינא,,,פילה מרלוזה ארגנטינא,קילוגרמים,1.00,"ק""ג",true,,29.90,29.9000,true,1,153153
7290002349044,false,ספוג הקסם שלישייה-רמ,,,ספוג הקסם שלישייה-רמ,Unknown,3.00,יחידה,false,,8.90,2.9667,true,1,153145
7290002353836,false,סרדינים רוברט בשמן ז,,,סרדינים רוברט בשמן ז,גרמים,120.00,100 גרם,false,,7.90,0.0658,true,1,142301
7290002371526,false,סלסולי פסטרמה שום וצ,,,סלסולי פסטרמה שום וצ,גרמים,120.00,100 גרם,false,,14.90,0.1242,true,1,148308
7290002371533,false,סלסולי פסטרמה דבש 12,,,סלסולי פסטרמה דבש 12,גרמים,120.00,100 גרם,false,,13.90,0.1158,true,1,141755
7290002381808,false,נר נשמה 24 שעות,,,נר נשמה 24 שעות,Unknown,1.00,יחידה,false,,1.90,1.9000,true,1,162421
7290002420927,false,"נקניקיות קראנץ 1 ק""ג",,,"נקניקיות קראנץ 1 ק""ג",גרמים,100.00,100 גרם,false,,24.90,0.2490,true,1,151548
7290002542506,false,בירה קורונה בקבוק 35,,,בירה קורונה בקבוק 35,מיליליטרים,355.00,"100 מ""ל",false,,7.90,0.0223,true,1,139076
7290002542780,false,סטלה ארטואה שישיה -3,,,סטלה ארטואה שישיה -3,מיליליטרים,1980.00,"100 מ""ל",false,,37.90,0.0191,true,1,160126
7290002543237,false,קלוגס קורנפלקס 750 ג,,,קלוגס קורנפלקס 750 ג,גרמים,750.00,100 גרם,false,,14.90,0.0199,true,1,141804
7290002596677,false,מעדניה - פילה אמנון,,,מעדניה - פילה אמנון,קילוגרמים,1.00,"ק""ג",true,,30.90,30.9000,true,1,152021
7290002603498,false,פיצה אפויה עם אנטיפס,,,פיצה אפויה עם אנטיפס,גרמים,220.00,100 גרם,false,,16.90,0.0768,true,1,141551
7290002603900,false,כדורי פלאפל 600 גרם,,,כדורי פלאפל 600 גרם,גרמים,600.00,100 גרם,false,,11.90,0.0198,true,1,146819
7290002603993,false,פיצה מרגריטה זית רמי,,,פיצה מרגריטה זית רמי,גרמים,340.00,100 גרם,false,,12.90,0.0379,true,1,159861
7290002610397,false,עוף טרי ארוז חתם סופ,,,עוף טרי ארוז חתם סופ,קילוגרמים,1.00,"ק""ג",true,,21.90,21.9000,true,1,151214
7290002610403,false,חזה טרי ארוז חתם סופ,,,חזה טרי ארוז חתם סופ,קילוגרמים,1.00,"ק""ג",true,,31.90,31.9000,true,1,151215
7290002610410,false,כרעיים טרי ארוז חתם,,,כרעיים טרי ארוז חתם,קילוגרמים,1.00,"ק""ג",true,,24.90,24.9000,true,1,151216
7290002610441,false,שוקיים טרי ארוז חתם,,,שוקיים טרי ארוז חתם,קילוגרמים,1.00,"ק""ג",true,,34.90,34.9000,true,1,151219
7290002610458,false,פרגיות טרי ארוז חתם,,,פרגיות טרי ארוז חתם,קילוגרמים,1.00,"ק""ג",true,,69.90,69.9000,true,1,151220
7290002610465,false,כבד עוף טרי ארוז חתם,,,כבד עוף טרי ארוז חתם,קילוגרמים,1.00,"ק""ג",true,,29.90,29.9000,true,1,151221
7290002627210,false,גפילטעפיש בצנצנת 560,,,גפילטעפיש בצנצנת 560,מיליליטרים,560.00,"100 מ""ל",false,,13.90,0.0248,true,1,144724
7290002627616,false,מעדניה - פילה אמנון,,,מעדניה - פילה אמנון,קילוגרמים,1.00,"ק""ג",true,,30.90,30.9000,true,1,152120
7290002627623,false,מעדניה - פילה אמנון,,,מעדניה - פילה אמנון,קילוגרמים,1.00,"ק""ג",true,,30.90,30.9000,true,1,152358
7290002657866,false,מעדניה - פילה אמנון,,,מעדניה - פילה אמנון,קילוגרמים,1.00,"ק""ג",true,,30.90,30.9000,true,1,147660
7290002692782,false,"תרסיס שמן זית ""עץ הז",,,"תרסיס שמן זית ""עץ הז",מיליליטרים,150.00,"100 מ""ל",false,,12.90,0.0860,true,1,152674
7290002710004,false,ביצים אורגניות מן הט,,,ביצים אורגניות מן הט,Unknown,12.00,יחידה,false,,22.90,1.9083,true,1,160339
7290002710110,false,ביצי חופש מן הטבע 12,,,ביצי חופש מן הטבע 12,Unknown,12.00,יחידה,false,,16.90,1.4083,true,1,160340
7290002730538,false,בלונס מסיר איפור 80,,,בלונס מסיר איפור 80,Unknown,80.00,יחידה,false,,7.90,0.0988,true,1,141943
7290002730941,false,בלונס צמר גפן 100 גר,,,בלונס צמר גפן 100 גר,גרמים,100.00,100 גרם,false,,6.50,0.0650,true,1,141945
7290002735809,false,רמי לוי בצק עלים 1 ק,,,רמי לוי בצק עלים 1 ק,גרמים,1000.00,100 גרם,false,,12.90,0.0129,true,1,142308
7290002735816,false,רמי לוי ג'חנון 750 ג,,,רמי לוי ג'חנון 750 ג,גרמים,750.00,100 גרם,false,,12.90,0.0172,true,1,142309
7290002735823,false,מלווח רמי לוי 700 גר,,,מלווח רמי לוי 700 גר,גרמים,700.00,100 גרם,false,,12.90,0.0184,true,1,142310
7290002735830,false,רמי לוי בורקס תפו'א,,,רמי לוי בורקס תפו'א,גרמים,800.00,100 גרם,false,,11.90,0.0149,true,1,142311
7290002735847,false,רמי לוי בורקס גבינה,,,רמי לוי בורקס גבינה,גרמים,800.00,100 גרם,false,,13.90,0.0174,true,1,142312
7290002735854,false,רמי לוי ג'חנון אפוי,,,רמי לוי ג'חנון אפוי,גרמים,600.00,100 גרם,false,,12.90,0.0215,true,1,142313
7290002735878,false,רמי לוי מאפה בצק עלי,,,רמי לוי מאפה בצק עלי,גרמים,600.00,100 גרם,false,,11.40,0.0190,true,1,146254
7290002741602,true,חטיף מיקספלקס טירמיס,,,חטיף מיקספלקס טירמיס,,0.00,,false,,5.00,0.0000,true,1,133743
7290002752332,false,סוכריות בגליל בטעם פ,,,סוכריות בגליל בטעם פ,גרמים,37.50,100 גרם,false,,3.50,0.0933,true,1,135305
7290002752349,false,סוכריות בגליל בטעם מ,,,סוכריות בגליל בטעם מ,גרמים,37.50,100 גרם,false,,3.50,0.0933,true,1,135306
7290002753223,false,טיק טק תפוז 4 רביעיי,,,טיק טק תפוז 4 רביעיי,Unknown,4.00,יחידה,false,,9.90,2.4750,true,1,152663
7290002781349,true,מפעל-רוטב אלף האיים,,,מפעל-רוטב אלף האיים,,0.00,,false,,2999.90,0.0000,true,1,136976
7290002781424,true,מפעל-רוטב אלף האיים,,,מפעל-רוטב אלף האיים,,0.00,,false,,2999.90,0.0000,true,1,135850
7290002793311,false,שירות והחלפה מילוי ג,,,שירות והחלפה מילוי ג,Unknown,1.00,יחידה,false,,48.90,48.9000,true,1,147673
7290002824183,false,גבינה לבנה סקי 5% 50,,,גבינה לבנה סקי 5% 50,גרמים,500.00,100 גרם,false,,9.95,0.0199,true,1,136887
7290002824466,false,דנונה ביו 0% 200 גרם,,,דנונה ביו 0% 200 גרם,גרמים,200.00,100 גרם,false,,3.70,0.0185,true,1,142878
7290002824640,false,גבינה לבנה סקי 5% שט,,,גבינה לבנה סקי 5% שט,גרמים,250.00,100 גרם,false,,4.98,0.0199,true,1,140873
7290002825722,false,כרוב סגול במיונז 500,,,כרוב סגול במיונז 500,גרמים,575.00,100 גרם,false,,12.90,0.0224,true,1,142137
7290002868996,false,גבינת קוטג' מועשר 5%,,,גבינת קוטג' מועשר 5%,גרמים,250.00,100 גרם,false,,5.50,0.0220,true,1,136391
7290002879640,false,וופל בלגי 100 גרם,,,וופל בלגי 100 גרם,גרמים,100.00,גרם,false,,6.90,0.0690,true,1,160007
7290002881018,false,קונפ' סן מורנו תות ש,,,קונפ' סן מורנו תות ש,גרמים,284.00,100 גרם,false,,10.90,0.0384,true,1,158612
7290002881032,false,קונפ' סן מורנו אוכמנ,,,קונפ' סן מורנו אוכמנ,גרמים,284.00,100 גרם,false,,10.90,0.0384,true,1,161878
7290002881247,false,פרוסות אננס בסירופ ק,,,פרוסות אננס בסירופ ק,Unknown,0.00,יחידה,false,,10.90,0.0000,true,1,161070
7290002881483,true,מיני פתי בר 400 גרם,,,מיני פתי בר 400 גרם,,0.00,,false,,0.00,0.0000,true,1,134692
7290002881803,false,שמן קנולה 1 ליטר תומ,,,שמן קנולה 1 ליטר תומ,מיליליטרים,1000.00,"100 מ""ל",false,,10.90,0.0109,true,1,155914
7290002881919,false,פטריות שלמות 400 גרם,,,פטריות שלמות 400 גרם,גרמים,400.00,100 גרם,false,,6.90,0.0173,true,1,161883
7290002929499,false,מעדניה - פילה אמנון,,,מעדניה - פילה אמנון,קילוגרמים,1.00,"ק""ג",true,,30.90,30.9000,true,1,149545
7290002971009,false,"קמח לבן שטיבל 1 ק""ג",,,"קמח לבן שטיבל 1 ק""ג",פריט,1.00,"ק""ג",false,,4.90,4.9000,true,1,160212
7290002986652,false,גטניו פתי בר שוקו 47,,,גטניו פתי בר שוקו 47,גרמים,470.00,100 גרם,false,,10.90,0.0232,true,1,143900
7290003001064,false,מעדניה - פילה אמנון,,,מעדניה - פילה אמנון,קילוגרמים,1.00,"ק""ג",true,,30.90,30.9000,true,1,152570
7290003009596,false,סירופ דיאט אשכוליות,,,סירופ דיאט אשכוליות,מיליליטרים,750.00,"100 מ""ל",false,,24.20,0.0323,true,1,152047
7290003015627,false,ריצפז פרש אפרסק 2 לי,,,ריצפז פרש אפרסק 2 לי,מיליליטרים,2000.00,"100 מ""ל",false,,16.90,0.0084,true,1,143509
7290003026036,false,אל סבון לתינוק סנסיט,,,אל סבון לתינוק סנסיט,מיליליטרים,1000.00,"100 מ""ל",false,,32.90,0.0329,true,1,144482
7290003029181,false,שוקו בבקבוק 2% יטבתה,,,שוקו בבקבוק 2% יטבתה,מיליליטרים,1000.00,"100 מ""ל",false,,11.50,0.0115,true,1,142879
7290003029372,false,משקה חלב בננה 2% בקב,,,משקה חלב בננה 2% בקב,מיליליטרים,1000.00,"100 מ""ל",false,,11.90,0.0119,true,1,142880
7290003029433,false,שוקו יטבתה 2% פקק יט,,,שוקו יטבתה 2% פקק יט,גרמים,250.00,100 גרם,false,,5.20,0.0208,true,1,134222
7290003029532,false,משקה מוקה יטבתה 1 לי,,,משקה מוקה יטבתה 1 לי,מיליליטרים,1000.00,"100 מ""ל",false,,11.90,0.0119,true,1,142882
7290003029792,false,מארז 8 שקיות שוקו -,,,מארז 8 שקיות שוקו -,Unknown,8.00,יחידה,false,,18.90,2.3625,true,1,136150
7290003029907,false,אייס קפה 1 ליטר,,,אייס קפה 1 ליטר,מיליליטרים,1000.00,"100 מ""ל",false,,11.90,0.0119,true,1,142143
7290003054657,false,חרדל דיזון אקסטרא פו,,,חרדל דיזון אקסטרא פו,גרמים,370.00,100 גרם,false,,11.90,0.0322,true,1,143931
7290003060009,false,קמח חיטה לבן בהיר 1,,,קמח חיטה לבן בהיר 1,גרמים,1000.00,100 גרם,false,,4.50,0.0045,true,1,143901
7290003060023,false,"סולת חיטה 1 ק""ג",,,"סולת חיטה 1 ק""ג",גרמים,1000.00,100 גרם,false,,5.90,0.0059,true,1,143902
7290003091263,true,צוואר טלה חלק,,,צוואר טלה חלק,קילוגרמים,1.00,"ק""ג",true,,0.00,0.0000,true,1,138240
7290003091294,true,רבע קדמי עגל כשר,,,רבע קדמי עגל כשר,קילוגרמים,1.00,"ק""ג",true,,0.00,0.0000,true,1,138241
7290003091461,true,קיט כתף כשר,,,קיט כתף כשר,קילוגרמים,1.00,"ק""ג",true,,0.00,0.0000,true,1,138242
7290003091522,true,"צוואר/צלעות ע""ע כשר",,,"צוואר/צלעות ע""ע כשר",קילוגרמים,1.00,"ק""ג",true,,0.00,0.0000,true,1,138243
7290003091591,true,כבד עגל כשר,,,כבד עגל כשר,קילוגרמים,1.00,"ק""ג",true,,0.00,0.0000,true,1,138244
7290003091607,true,בשר ראש כשר,,,בשר ראש כשר,קילוגרמים,1.00,"ק""ג",true,,0.00,0.0000,true,1,138245
7290003091614,true,ריאות עגל כשר,,,ריאות עגל כשר,קילוגרמים,1.00,"ק""ג",true,,0.00,0.0000,true,1,138246
7290003091737,true,פילה עגל כשר,,,פילה עגל כשר,קילוגרמים,1.00,"ק""ג",true,,0.00,0.0000,true,1,138247
7290003091751,true,רבע קדמי עגל בלי ריפ,,,רבע קדמי עגל בלי ריפ,קילוגרמים,1.00,"ק""ג",true,,0.00,0.0000,true,1,138248
7290003091768,true,קדמי טלה כשר,,,קדמי טלה כשר,קילוגרמים,1.00,"ק""ג",true,,0.00,0.0000,true,1,138249
7290003091775,true,זנב עגל כשר,,,זנב עגל כשר,קילוגרמים,1.00,"ק""ג",true,,0.00,0.0000,true,1,138250
7290003091782,true,לב עגל כשר,,,לב עגל כשר,קילוגרמים,1.00,"ק""ג",true,,0.00,0.0000,true,1,138251
7290003091799,true,לשון עגל כשר,,,לשון עגל כשר,קילוגרמים,1.00,"ק""ג",true,,0.00,0.0000,true,1,138252
7290003091836,true,צוואר צלעות עגל מפור,,,צוואר צלעות עגל מפור,קילוגרמים,1.00,"ק""ג",true,,0.00,0.0000,true,1,138253
7290003091843,true,קיט חלקי פנים עגל כש,,,קיט חלקי פנים עגל כש,קילוגרמים,1.00,"ק""ג",true,,0.00,0.0000,true,1,138254
7290003091874,true,סינטה עגל כשר,,,סינטה עגל כשר,קילוגרמים,1.00,"ק""ג",true,,0.00,0.0000,true,1,138255
7290003091881,true,אסאדו עגל כשר ארוז ו,,,אסאדו עגל כשר ארוז ו,קילוגרמים,1.00,"ק""ג",true,,0.00,0.0000,true,1,138256
7290003091935,true,כתף טלה כשר,,,כתף טלה כשר,קילוגרמים,1.00,"ק""ג",true,,0.00,0.0000,true,1,138257
7290003091966,true,צלעות טלה כשר,,,צלעות טלה כשר,קילוגרמים,1.00,"ק""ג",true,,0.00,0.0000,true,1,138258
7290003126712,false,יוגורט עיזים טבעי 15,,,יוגורט עיזים טבעי 15,גרמים,150.00,100 גרם,false,,6.70,0.0447,true,1,144164
7290003133123,false,לחם זהב עגול אוקראינ,,,לחם זהב עגול אוקראינ,גרמים,750.00,100 גרם,false,,12.90,0.0172,true,1,141254
7290003133505,false,לחם שיפונטו 750 גרם,,,לחם שיפונטו 750 גרם,גרמים,750.00,100 גרם,false,,11.90,0.0159,true,1,141256
7290003141159,false,יוגטה מרשמלו - 180 ג,,,יוגטה מרשמלו - 180 ג,גרמים,180.00,100 גרם,false,,6.90,0.0383,true,1,148314
7290003143146,false,ממרח תמרים קלית גת 4,,,ממרח תמרים קלית גת 4,גרמים,450.00,100 גרם,false,,5.90,0.0131,true,1,140051
7290003185719,false,קבב רומני טיבון ויל,,,קבב רומני טיבון ויל,גרמים,500.00,100 גרם,false,,19.90,0.0398,true,1,159236
7290003208579,true,וודקה גריי גוס 1 ליט,,,וודקה גריי גוס 1 ליט,,0.00,,false,,0.00,0.0000,true,1,138760
7290003220380,false,מעדני המלך סנדוויץ',,,מעדני המלך סנדוויץ',גרמים,150.00,100 גרם,false,,3.50,0.0233,true,1,146541
7290003220397,false,מעדני המלך סנדוויץ',,,מעדני המלך סנדוויץ',גרמים,150.00,100 גרם,false,,3.50,0.0233,true,1,146542
7290003220403,false,קרקר מלח מעדני מלך 1,,,קרקר מלח מעדני מלך 1,גרמים,110.00,100 גרם,false,,3.20,0.0291,true,1,156751
7290003220410,false,קרקר שומשום מעדני מל,,,קרקר שומשום מעדני מל,גרמים,110.00,100 גרם,false,,3.20,0.0291,true,1,156752
7290003220434,false,פתי בר וניל מעדני מל,,,פתי בר וניל מעדני מל,גרמים,110.00,100 גרם,false,,2.90,0.0264,true,1,156753
7290003220533,false,רוטב צ'ילי מתוק 700,,,רוטב צ'ילי מתוק 700,מיליליטרים,700.00,"100 מ""ל",false,,12.90,0.0184,true,1,153480
7290003220588,false,רוטב צי'לי מתוק ללא,,,רוטב צי'לי מתוק ללא,מיליליטרים,700.00,"100 מ""ל",false,,14.90,0.0213,true,1,153481
7290003220595,false,"ווק אורז לסושי 1 ק""ג",,,"ווק אורז לסושי 1 ק""ג",גרמים,1000.00,100 גרם,false,,11.90,0.0119,true,1,145589
7290003220977,false,מעדני מלך ביסקוויט י,,,מעדני מלך ביסקוויט י,גרמים,175.00,100 גרם,false,,6.90,0.0394,true,1,154069
7290003229109,false,א.מ. פסטר' בפפריקה 4,,,א.מ. פסטר' בפפריקה 4,גרמים,400.00,100 גרם,false,,25.90,0.0647,true,1,150353
7290003229123,false,פסטרמה הודו על גחלים,,,פסטרמה הודו על גחלים,גרמים,400.00,100 גרם,false,,25.90,0.0647,true,1,141756
7290003229192,false,נקניק כתף בקר מעושן,,,נקניק כתף בקר מעושן,גרמים,400.00,100 גרם,false,,34.90,0.0872,true,1,150392
7290003268252,false,לחם חיטה לילדים דגני,,,לחם חיטה לילדים דגני,גרמים,750.00,100 גרם,false,,13.90,0.0185,true,1,155324
7290003321155,false,דנונה בר פקאן 183 גר,,,דנונה בר פקאן 183 גר,גרמים,183.00,100 גרם,false,,4.30,0.0235,true,1,132804
7290003380008,true,נקטר תפוזים 1 ליטר,,,נקטר תפוזים 1 ליטר,,0.00,,false,,5.00,0.0000,true,1,134781
7290003380831,true,מיץ עגבניות 1 ליטר,,,מיץ עגבניות 1 ליטר,,0.00,,false,,5.00,0.0000,true,1,133665
7290003423909,false,הרשי חטיף שוקולד לבן,,,הרשי חטיף שוקולד לבן,גרמים,45.00,100 גרם,false,,5.00,0.1111,true,1,133383
7290003444009,false,ריזס שוקולד חלב במיל,,,ריזס שוקולד חלב במיל,גרמים,42.00,100 גרם,false,,4.90,0.1167,true,1,144393
7290003450602,false,חרדל צהוב בבקבוק לחי,,,חרדל צהוב בבקבוק לחי,גרמים,255.00,100 גרם,false,,8.90,0.0349,true,1,159174
7290003457861,false,סולרו קלאסיק חלבי -,,,סולרו קלאסיק חלבי -,Unknown,1.00,יחידה,false,,8.50,8.5000,true,1,145709
7290003457991,false,מאגדת קורנטו קלאסיק,,,מאגדת קורנטו קלאסיק,Unknown,6.00,יחידה,false,,33.90,5.6500,true,1,145713
7290003464166,true,קיט אחורי עגל כשר בל,,,קיט אחורי עגל כשר בל,קילוגרמים,1.00,"ק""ג",true,,0.00,0.0000,true,1,138259
7290003464197,true,רוטפליש כשר,,,רוטפליש כשר,קילוגרמים,1.00,"ק""ג",true,,0.00,0.0000,true,1,138260
7290003464272,true,אוסובוקו עגל כשר,,,אוסובוקו עגל כשר,קילוגרמים,1.00,"ק""ג",true,,0.00,0.0000,true,1,138261
7290003464302,true,חזה טלה כשר,,,חזה טלה כשר,קילוגרמים,1.00,"ק""ג",true,,0.00,0.0000,true,1,138262
7290003464326,true,נתחים לקצב כשר,,,נתחים לקצב כשר,קילוגרמים,1.00,"ק""ג",true,,0.00,0.0000,true,1,138263
7290003490110,true,נייר טואלט ליטוף180,,,נייר טואלט ליטוף180,,0.00,,false,,0.00,0.0000,true,1,134740
7290003514571,false,פריכיות אורז חום מלא,,,פריכיות אורז חום מלא,גרמים,100.00,100 גרם,false,,5.00,0.0500,true,1,138948
7290003521081,false,"שמפו לילדים סרקל ד""ר",,,"שמפו לילדים סרקל ד""ר",מיליליטרים,1000.00,"100 מ""ל",false,,29.90,0.0299,true,1,141763
7290003521166,false,סרקל קרם רוזמרין 325,,,סרקל קרם רוזמרין 325,מיליליטרים,325.00,"100 מ""ל",false,,24.90,0.0766,true,1,145274
7290003525478,false,שימורי סלט טונה וילי,,,שימורי סלט טונה וילי,גרמים,160.00,100 גרם,false,,5.90,0.0369,true,1,146235
7290003550753,false,נתחי טונה בהירה בשמן,,,נתחי טונה בהירה בשמן,גרמים,432.00,100 גרם,false,,19.90,0.0461,true,1,141491
7290003569021,false,כרובית,,,כרובית,Unknown,1.00,יחידה,false,,9.90,9.9000,true,1,146015
7290003578108,false,אננס חתוך 850 גרם,,,אננס חתוך 850 גרם,גרמים,850.00,100 גרם,false,,8.90,0.0105,true,1,150145
7290003578313,false,דובדבנים חמוצים ללא,,,דובדבנים חמוצים ללא,גרמים,680.00,100 גרם,false,,9.90,0.0146,true,1,154160
7290003578672,false,שמן חמניות מזוכך ויל,,,שמן חמניות מזוכך ויל,מיליליטרים,1000.00,"100 מ""ל",false,,13.90,0.0139,true,1,153256
7290003632442,false,מעדניה - פילה אמנון,,,מעדניה - פילה אמנון,קילוגרמים,1.00,"ק""ג",true,,30.90,30.9000,true,1,152447
7290003643004,false,אורז בסמטי קלאסי סוג,,,אורז בסמטי קלאסי סוג,גרמים,1000.00,100 גרם,false,,12.90,0.0129,true,1,140605
7290003643646,false,סוכר דמררה בצנצנת סו,,,סוכר דמררה בצנצנת סו,גרמים,1000.00,100 גרם,false,,12.90,0.0129,true,1,144052
7290003643684,false,אפונה ירוקה יבשה סוג,,,אפונה ירוקה יבשה סוג,גרמים,500.00,100 גרם,false,,6.50,0.0130,true,1,140276
7290003643714,false,חומוס יבש סוגת 500 ג,,,חומוס יבש סוגת 500 ג,גרמים,500.00,100 גרם,false,,6.90,0.0138,true,1,132472
7290003643745,false,כוסמת סוגת 500 גרם,,,כוסמת סוגת 500 גרם,גרמים,500.00,100 גרם,false,,7.90,0.0158,true,1,137177
7290003643752,false,עדשים ירוקות סוגת 50,,,עדשים ירוקות סוגת 50,גרמים,500.00,100 גרם,false,,7.90,0.0158,true,1,133558
7290003643769,false,עדשים אדומות סוגת 50,,,עדשים אדומות סוגת 50,גרמים,500.00,100 גרם,false,,7.90,0.0158,true,1,132474
7290003643776,false,פופקורן סוגת 500 גרם,,,פופקורן סוגת 500 גרם,גרמים,500.00,100 גרם,false,,5.90,0.0118,true,1,132475
7290003643806,false,שעועית לבנה יבשה סוג,,,שעועית לבנה יבשה סוג,גרמים,500.00,100 גרם,false,,10.90,0.0218,true,1,141686
7290003643813,false,שעועית אדומה סוגת 50,,,שעועית אדומה סוגת 50,גרמים,500.00,100 גרם,false,,10.90,0.0218,true,1,141687
7290003781652,false,צלפים 350 גרם צנצנת,,,צלפים 350 גרם צנצנת,גרמים,350.00,100 גרם,false,,8.90,0.0254,true,1,140692
7290003804252,false,תיבולית הודי קנור 72,,,תיבולית הודי קנור 72,גרמים,72.00,100 גרם,false,,7.40,0.1028,true,1,144839
7290003804368,false,תיבולית בזיליקום קנו,,,תיבולית בזיליקום קנו,גרמים,72.00,100 גרם,false,,7.40,0.1028,true,1,144841
7290003805501,false,פתית שוודי חסכוני 30,,,פתית שוודי חסכוני 30,גרמים,300.00,100 גרם,false,,14.90,0.0497,true,1,139642
7290003807178,false,רוטב סויה בסגנון סינ,,,רוטב סויה בסגנון סינ,מיליליטרים,300.00,"100 מ""ל",false,,9.90,0.0330,true,1,144843
7290003864485,false,סרדין ברוטב עגבניות,,,סרדין ברוטב עגבניות,גרמים,110.00,100 גרם,false,,5.90,0.0536,true,1,132503
7290003864492,false,סרדין בשמן צמחי חריף,,,סרדין בשמן צמחי חריף,גרמים,110.00,100 גרם,false,,4.90,0.0445,true,1,138606
7290003882922,false,עלי גפן ממולא 400 גר,,,עלי גפן ממולא 400 גר,גרמים,400.00,100 גרם,false,,8.90,0.0223,true,1,140704
7290003893539,false,מעדניה - פילה אמנון,,,מעדניה - פילה אמנון,קילוגרמים,1.00,"ק""ג",true,,30.90,30.9000,true,1,149546
7290003896860,true,מים בטעם ענבים סאן ב,,,מים בטעם ענבים סאן ב,,0.00,,false,,5.00,0.0000,true,1,132970
7290003989096,false,חציל פיקנטי 500,,,חציל פיקנטי 500,גרמים,575.00,100 גרם,false,,14.90,0.0259,true,1,142145
7290003989539,false,רביולי גבינה 400 גרם,,,רביולי גבינה 400 גרם,גרמים,400.00,100 גרם,false,,19.80,0.0495,true,1,136770
7290004011338,false,ריצ' קצפת חלבי,,,ריצ' קצפת חלבי,מיליליטרים,250.00,"100 מ""ל",false,,14.90,0.0596,true,1,139165
7290004030216,false,נקטר חמוציות 1 ליטר,,,נקטר חמוציות 1 ליטר,מיליליטרים,1000.00,"100 מ""ל",false,,13.20,0.0132,true,1,141055
7290004030445,false,מיץ תפוזים 100 סחוט,,,מיץ תפוזים 100 סחוט,מיליליטרים,1000.00,"100 מ""ל",false,,13.90,0.0139,true,1,140984
7290004030872,true,"מיץ תות בננה 500  מ""",,,"מיץ תות בננה 500  מ""",,0.00,,false,,5.00,0.0000,true,1,133078
7290004048518,false,מעדניה - פילה אמנון,,,מעדניה - פילה אמנון,קילוגרמים,1.00,"ק""ג",true,,30.90,30.9000,true,1,151660
7290004048525,false,מעדניה - פילה אמנון,,,מעדניה - פילה אמנון,קילוגרמים,1.00,"ק""ג",true,,30.90,30.9000,true,1,141575
7290004048532,false,מעדניה - פילה אמנון,,,מעדניה - פילה אמנון,קילוגרמים,1.00,"ק""ג",true,,30.90,30.9000,true,1,149548
7290004063016,false,"מלח שולחן דק 1 ק""ג",,,"מלח שולחן דק 1 ק""ג",גרמים,1000.00,100 גרם,false,,1.70,0.0017,true,1,143890
7290004063016,false,"מלח שולחן דק 1 ק""ג",,,"מלח שולחן דק 1 ק""ג",גרמים,1000.00,100 גרם,false,,1.70,0.0017,true,1,136346
7290004063115,true,"מלח בישול 1 ק""ג",,,"מלח בישול 1 ק""ג",,0.00,,false,,1.50,0.0000,true,1,141699
7290004064082,false,מלח ים במטחנה 250 גר,,,מלח ים במטחנה 250 גר,גרמים,250.00,100 גרם,false,,12.90,0.0516,true,1,149802
7290004064099,false,מלח הימלאיה במטחנה 3,,,מלח הימלאיה במטחנה 3,גרמים,300.00,100 גרם,false,,16.90,0.0563,true,1,149803
7290004068172,false,יוגורט עיזים בדלי 5%,,,יוגורט עיזים בדלי 5%,גרמים,600.00,100 גרם,false,,16.90,0.0282,true,1,141227
7290004119225,false,יופלה יוגורט אננס %3,,,יופלה יוגורט אננס %3,מיליליטרים,150.00,"100 מ""ל",false,,5.00,0.0333,true,1,145548
7290004120108,false,יופלה דיאט יוגורט דו,,,יופלה דיאט יוגורט דו,גרמים,150.00,100 גרם,false,,5.00,0.0333,true,1,150298
7290004121754,false,יופלה יוגורט עוגת גב,,,יופלה יוגורט עוגת גב,גרמים,150.00,100 גרם,false,,5.50,0.0367,true,1,157857
7290004122119,false,פתיתי פרמזן מגורדת 2,,,פתיתי פרמזן מגורדת 2,גרמים,100.00,100 גרם,false,,12.10,0.1210,true,1,147745
7290004122119,false,פתיתי פרמזן מגורדת 2,,,פתיתי פרמזן מגורדת 2,גרמים,100.00,100 גרם,false,,12.10,0.1210,true,1,147746
7290004122195,false,גוש חלב פרוס 200 גרם,,,גוש חלב פרוס 200 גרם,גרמים,200.00,100 גרם,false,,12.90,0.0645,true,1,140985
7290004122270,false,גבינה עמק פרוס 28% ב,,,גבינה עמק פרוס 28% ב,גרמים,200.00,100 גרם,false,,15.90,0.0795,true,1,140986
7290004122348,false,עמק לייט פרוס 9% 200,,,עמק לייט פרוס 9% 200,גרמים,200.00,100 גרם,false,,16.60,0.0830,true,1,136366
7290004122683,false,עמק אצבעות גבינה 28%,,,עמק אצבעות גבינה 28%,גרמים,172.00,100 גרם,false,,16.40,0.0953,true,1,147747
7290004124205,false,יופלה דיאט יוגורט תו,,,יופלה דיאט יוגורט תו,גרמים,150.00,100 גרם,false,,5.00,0.0333,true,1,140988
7290004124847,false,קצפת צמחית 20% השף ה,,,קצפת צמחית 20% השף ה,מיליליטרים,500.00,"100 מ""ל",false,,15.90,0.0318,true,1,136367
7290004125400,false,שלי אשל 4.5% תנובה 2,,,שלי אשל 4.5% תנובה 2,מיליליטרים,200.00,"100 מ""ל",false,,1.69,0.0084,true,1,140289
7290004125417,false,שלי גיל 3% תנובה 200,,,שלי גיל 3% תנובה 200,מיליליטרים,200.00,"100 מ""ל",false,,1.51,0.0076,true,1,140290
7290004125585,false,משקה סויה בטעם וניל,,,משקה סויה בטעם וניל,מיליליטרים,1000.00,"100 מ""ל",false,,10.90,0.0109,true,1,145208
7290004125721,false,שמנת לבישול 15% השף,,,שמנת לבישול 15% השף,מיליליטרים,250.00,"100 מ""ל",false,,7.90,0.0316,true,1,139918
7290004125776,false,עמק גבינה צהובה פרוס,,,עמק גבינה צהובה פרוס,גרמים,400.00,100 גרם,false,,27.80,0.0695,true,1,147382
7290004126674,false,טל העמק פרוס 9% 200,,,טל העמק פרוס 9% 200,גרמים,200.00,100 גרם,false,,18.80,0.0940,true,1,150302
7290004127329,false,גבינת קוטג' 5% תנובה,,,גבינת קוטג' 5% תנובה,גרמים,250.00,100 גרם,false,,5.70,0.0228,true,1,133056
7290004127336,false,גבינת קוטג' 9% תנובה,,,גבינת קוטג' 9% תנובה,גרמים,250.00,100 גרם,false,,5.50,0.0220,true,1,137162
7290004127800,false,גבינה לבנה תנובה 5%,,,גבינה לבנה תנובה 5%,גרמים,500.00,100 גרם,false,,9.95,0.0199,true,1,140293
7290004127817,false,גבינה לבנה תנובה 9%,,,גבינה לבנה תנובה 9%,גרמים,500.00,100 גרם,false,,9.95,0.0199,true,1,140295
7290004128333,false,פיראוס לבנה גביע 500,,,פיראוס לבנה גביע 500,גרמים,500.00,100 גרם,false,,19.40,0.0388,true,1,150303
7290004128432,false,פתיתי לפיצה 500 גרם,,,פתיתי לפיצה 500 גרם,גרמים,500.00,100 גרם,false,,21.80,0.0436,true,1,147749
7290004129101,false,גבינת שמנת 25% בטעם,,,גבינת שמנת 25% בטעם,גרמים,225.00,100 גרם,false,,12.90,0.0573,true,1,157553
7290004129156,false,נפוליאון שום שמיר 22,,,נפוליאון שום שמיר 22,גרמים,225.00,100 גרם,false,,13.90,0.0618,true,1,139058
7290004130695,false,אייס קפה בקבוק 1 ליט,,,אייס קפה בקבוק 1 ליט,מיליליטרים,1000.00,"100 מ""ל",false,,12.50,0.0125,true,1,150304
7290004130794,false,משקה סויה טבעי במתיק,,,משקה סויה טבעי במתיק,מיליליטרים,1000.00,"100 מ""ל",false,,9.90,0.0099,true,1,137680
7290004131074,false,חלב קרטון 3% תנובה 1,,,חלב קרטון 3% תנובה 1,מיליליטרים,1000.00,"100 מ""ל",false,,6.23,0.0062,true,1,133191
7290004131432,false,יופלה לבן 3% גביע 20,,,יופלה לבן 3% גביע 20,גרמים,200.00,100 גרם,false,,4.00,0.0200,true,1,150305
7290004131814,false,צפתית מעודנת,,,צפתית מעודנת,פריט,1.00,"ק""ג",false,,14.60,14.6000,true,1,150270
7290004132552,false,משקה סויה לייט בטעם,,,משקה סויה לייט בטעם,מיליליטרים,1000.00,"100 מ""ל",false,,10.90,0.0109,true,1,145209
7290004133511,false,מאגדת לבן 1.5% מעודן,,,מאגדת לבן 1.5% מעודן,מיליליטרים,1200.00,"100 מ""ל",false,,20.70,0.0172,true,1,150272
7290004136154,false,משקה אייס קפה תנובה,,,משקה אייס קפה תנובה,מיליליטרים,340.00,"100 מ""ל",false,,6.70,0.0197,true,1,140994
7290004136437,true,חלב סויה 1 ליטר,,,חלב סויה 1 ליטר,,0.00,,false,,5.00,0.0000,true,1,133155
7290004136857,false,ג'לי בטעם פטל 125,,,ג'לי בטעם פטל 125,גרמים,125.00,100 גרם,false,,2.60,0.0208,true,1,134256
7290004136864,false,ג'לי אננס עם חתיכות,,,ג'לי אננס עם חתיכות,גרמים,125.00,100 גרם,false,,2.80,0.0224,true,1,132715
7290004137021,false,שמנת עמידה לבישול 10,,,שמנת עמידה לבישול 10,מיליליטרים,250.00,"100 מ""ל",false,,8.00,0.0320,true,1,147661
7290004137311,false,עמק לייט משפחתי 9% 4,,,עמק לייט משפחתי 9% 4,גרמים,400.00,100 גרם,false,,29.90,0.0747,true,1,150276
7290004228354,false,מעדניה - פילה אמנון,,,מעדניה - פילה אמנון,קילוגרמים,1.00,"ק""ג",true,,30.90,30.9000,true,1,149551
7290004228804,false,עלי סיגר שלושת האופי,,,עלי סיגר שלושת האופי,גרמים,450.00,100 גרם,false,,13.90,0.0309,true,1,158418
7290004324858,false,קבב כבש טיבון ויל 50,,,קבב כבש טיבון ויל 50,גרמים,500.00,100 גרם,false,,19.90,0.0398,true,1,156280
7290004492274,false,בייגלה טבעות חטיף אפ,,,בייגלה טבעות חטיף אפ,גרמים,400.00,100 גרם,false,,9.90,0.0248,true,1,144844
7290004492762,false,נשנושים בטעם תירס 32,,,נשנושים בטעם תירס 32,גרמים,325.00,100 גרם,false,,11.90,0.0366,true,1,144846
7290004554330,false,אסקימו דובדבן,,,אסקימו דובדבן,Unknown,1.00,יחידה,false,,2.90,2.9000,true,1,145714
7290004584306,false,מעדן גמדים תות בננה,,,מעדן גמדים תות בננה,גרמים,400.00,100 גרם,false,,10.90,0.0273,true,1,136158
7290004584351,false,גבינה במרקם שמנת סימ,,,גבינה במרקם שמנת סימ,גרמים,200.00,100 גרם,false,,10.40,0.0520,true,1,140874
7290004584528,false,דנונה ביו 1.7% 200 ג,,,דנונה ביו 1.7% 200 ג,גרמים,200.00,100 גרם,false,,3.70,0.0185,true,1,142885
7290004585907,false,דני מעדן חלב בטעם ונ,,,דני מעדן חלב בטעם ונ,גרמים,125.00,100 גרם,false,,2.50,0.0200,true,1,132811
7290004658847,false,"תירוש 187 מ""ל",,,"תירוש 187 מ""ל",מיליליטרים,187.00,"100 מ""ל",false,,6.90,0.0369,true,1,145676
7290004731472,false,אל סבון צבעוני כיף 3,,,אל סבון צבעוני כיף 3,מיליליטרים,1500.00,"100 מ""ל",false,,18.90,0.0126,true,1,140761
7290004798055,true,מסבין סנטטי 230 גרם,,,מסבין סנטטי 230 גרם,,0.00,,false,,5.00,0.0000,true,1,133197
7290004866013,true,מאפה קקאו,,,מאפה קקאו,,0.00,,false,,5.00,0.0000,true,1,134337
7290004882014,true,גומיגם כשלפ,,,גומיגם כשלפ,,0.00,,false,,5.00,0.0000,true,1,134472
7290004923051,false,עין גדי 2 ליטר בקבוק,,,עין גדי 2 ליטר בקבוק,מיליליטרים,2000.00,"100 מ""ל",false,,2.90,0.0014,true,1,132545
7290005008481,false,דאודורנט ג'ל לגבר אק,,,דאודורנט ג'ל לגבר אק,גרמים,85.00,100 גרם,false,,19.90,0.2341,true,1,141950
7290005020353,true,רום בקרדי לבן ליטר,,,רום בקרדי לבן ליטר,,0.00,,false,,0.00,0.0000,true,1,138761
7290005040955,false,חסה ערבית יחידה,,,חסה ערבית יחידה,פריט,1.00,"ק""ג",false,,4.90,4.9000,true,1,153037
7290005113888,false,טבעות זיתים מושחרים,,,טבעות זיתים מושחרים,גרמים,540.00,100 גרם,false,,8.90,0.0165,true,1,145087
7290005174513,false,חצילים במיונז 500 ג,,,חצילים במיונז 500 ג,גרמים,500.00,100 גרם,false,,14.90,0.0298,true,1,142147
7290005174551,false,סלט חומוס יום יום אח,,,סלט חומוס יום יום אח,גרמים,125.00,100 גרם,false,,4.70,0.0376,true,1,133783
7290005174568,false,סלט חצילים במיונז יו,,,סלט חצילים במיונז יו,גרמים,125.00,100 גרם,false,,4.70,0.0376,true,1,142886
7290005174575,false,סלט טחינה יום יום אח,,,סלט טחינה יום יום אח,גרמים,125.00,100 גרם,false,,4.70,0.0376,true,1,142887
7290005175428,false,קמח תירס אינסטנט 500,,,קמח תירס אינסטנט 500,גרמים,500.00,100 גרם,false,,5.90,0.0118,true,1,133096
7290005197758,false,חיוכים שוקו 150 גרם,,,חיוכים שוקו 150 גרם,גרמים,150.00,100 גרם,false,,4.90,0.0327,true,1,138484
7290005199738,false,"מאסט מנטה מרעננת לל""",,,"מאסט מנטה מרעננת לל""",גרמים,28.00,100 גרם,false,,4.50,0.1607,true,1,143275
7290005200786,false,תפוציפס שמנת ובצל 50,,,תפוציפס שמנת ובצל 50,גרמים,50.00,100 גרם,false,,3.50,0.0700,true,1,139166
7290005201455,false,קפה נמס מגורען ארומה,,,קפה נמס מגורען ארומה,גרמים,200.00,100 גרם,false,,21.90,0.1095,true,1,141992
7290005287206,false,טונה סטארקיסט בשמן 4,,,טונה סטארקיסט בשמן 4,גרמים,640.00,100 גרם,false,,24.90,0.0389,true,1,139960
7290005287251,false,נתחי טונה סטארקיסט ב,,,נתחי טונה סטארקיסט ב,גרמים,640.00,100 גרם,false,,24.90,0.0389,true,1,139961
7290005369377,true,שעועית לבנה ברוטב58,,,שעועית לבנה ברוטב58,,0.00,,false,,5.00,0.0000,true,1,134738
7290005384837,false,מיץ לימון ויליפוד 50,,,מיץ לימון ויליפוד 50,מיליליטרים,500.00,"100 מ""ל",false,,8.90,0.0178,true,1,157503
7290005384851,false,מיץ לימון משומר וילי,,,מיץ לימון משומר וילי,מיליליטרים,200.00,"100 מ""ל",false,,4.90,0.0245,true,1,132504
7290005423635,false,סנו ריצפז דוחה חרקים,,,סנו ריצפז דוחה חרקים,מיליליטרים,2000.00,"100 מ""ל",false,,23.90,0.0119,true,1,139718
7290005424700,false,פורטה פלוס 1 ליטר,,,פורטה פלוס 1 ליטר,מיליליטרים,1000.00,"100 מ""ל",false,,17.90,0.0179,true,1,153649
7290005425646,false,ספריי רב תכליתי לניק,,,ספריי רב תכליתי לניק,מיליליטרים,1000.00,"100 מ""ל",false,,12.90,0.0129,true,1,139720
7290005427107,false,מגבות נייר סנו סושי,,,מגבות נייר סנו סושי,Unknown,6.00,יחידה,false,,10.90,1.8167,true,1,140754
7290005430602,false,אוקסיג'ן מרסס מסיר כ,,,אוקסיג'ן מרסס מסיר כ,מיליליטרים,750.00,"100 מ""ל",false,,19.90,0.0265,true,1,139706
7290005437540,false,פטריות חתוכות טעמן 2,,,פטריות חתוכות טעמן 2,גרמים,290.00,100 גרם,false,,4.50,0.0155,true,1,159654
7290005437755,false,פסטה בילאגיו צינורות,,,פסטה בילאגיו צינורות,גרמים,500.00,100 גרם,false,,4.90,0.0098,true,1,157917
7290005437762,false,פסטה בילאג'יו ספירלה,,,פסטה בילאג'יו ספירלה,גרמים,500.00,100 גרם,false,,4.90,0.0098,true,1,157918
7290005437816,true,אננס חתוך 567 גרם,,,אננס חתוך 567 גרם,,0.00,,false,,5.00,0.0000,true,1,132618
7290005437847,true,אננס שלם 567 גרם,,,אננס שלם 567 גרם,,0.00,,false,,5.00,0.0000,true,1,132619
7290005437946,false,פסטה בילאג'יו ספגטי,,,פסטה בילאג'יו ספגטי,גרמים,500.00,100 גרם,false,,4.90,0.0098,true,1,157920
7290005500688,false,"מסיכה לשיער 1 ק""ג",,,"מסיכה לשיער 1 ק""ג",גרמים,1000.00,100 גרם,false,,26.90,0.0269,true,1,143369
7290005549618,true,מרשמלו 180 גרם,,,מרשמלו 180 גרם,,0.00,,false,,5.00,0.0000,true,1,132581
7290005559587,false,מאפה נקניקיות בבצק מ,,,מאפה נקניקיות בבצק מ,גרמים,800.00,100 גרם,false,,26.90,0.0336,true,1,150394
7290005559907,false,פיצה משפחתית 100% גב,,,פיצה משפחתית 100% גב,גרמים,500.00,100 גרם,false,,19.90,0.0398,true,1,141094
7290005678387,false,ענב אדום,,,ענב אדום,קילוגרמים,1.00,"ק""ג",true,,24.90,24.9000,true,1,156401
7290005678745,false,ענב אדום,,,ענב אדום,קילוגרמים,1.00,"ק""ג",true,,24.90,24.9000,true,1,156507
7290005838002,false,דניאלה וניל 150 גרם,,,דניאלה וניל 150 גרם,גרמים,150.00,100 גרם,false,,3.90,0.0260,true,1,135237
7290005838972,false,סקי יום יום 5% 125 ג,,,סקי יום יום 5% 125 ג,גרמים,125.00,100 גרם,false,,3.10,0.0248,true,1,133208
7290005839108,false,גבינה במרקם שמנת 5%,,,גבינה במרקם שמנת 5%,גרמים,200.00,100 גרם,false,,10.40,0.0520,true,1,140875
7290005854040,false,אסקימו משמש,,,אסקימו משמש,Unknown,1.00,יחידה,false,,2.90,2.9000,true,1,154308
7290005854569,false,מצופה בננה,,,מצופה בננה,Unknown,1.00,יחידה,false,,4.90,4.9000,true,1,161277
7290005854606,false,אסקימו אננס,,,אסקימו אננס,Unknown,1.00,יחידה,false,,2.90,2.9000,true,1,154307
7290005896637,false,מים מינרליים טבעיים,,,מים מינרליים טבעיים,מיליליטרים,9000.00,"100 מ""ל",false,,4.80,0.0005,true,1,160976
7290005951039,false,כרובית,,,כרובית,Unknown,1.00,יחידה,false,,9.90,9.9000,true,1,153327
7290005992575,false,גבינה בולגרית למריחה,,,גבינה בולגרית למריחה,גרמים,250.00,100 גרם,false,,15.90,0.0636,true,1,141340
7290005992735,false,גבינת לאבנה טבעית 5%,,,גבינת לאבנה טבעית 5%,גרמים,250.00,100 גרם,false,,11.90,0.0476,true,1,141230
7290006229427,false,שישיית מים סאן בנדטו,,,שישיית מים סאן בנדטו,מיליליטרים,3000.00,"100 מ""ל",false,,12.90,0.0043,true,1,133123
7290006229427,false,שישיית מים סאן בנדטו,,,שישיית מים סאן בנדטו,מיליליטרים,3000.00,"100 מ""ל",false,,12.90,0.0043,true,1,144339
7290006251275,false,תה ירוק סיני,,,תה ירוק סיני,Unknown,25.00,יחידה,false,,24.90,0.9960,true,1,146033
7290006271181,false,ג'חנון אפוי מוקפא לה,,,ג'חנון אפוי מוקפא לה,גרמים,750.00,100 גרם,false,,23.90,0.0319,true,1,139048
7290006272072,false,חטיפי פיצה 24 יחידות,,,חטיפי פיצה 24 יחידות,גרמים,650.00,100 גרם,false,,27.90,0.0429,true,1,139049
7290006272430,false,בצק עלים חמאה מעדנות,,,בצק עלים חמאה מעדנות,גרמים,600.00,100 גרם,false,,27.90,0.0465,true,1,150399
7290006322104,false,לחם ריחיים קל פרוס 5,,,לחם ריחיים קל פרוס 5,גרמים,500.00,100 גרם,false,,9.90,0.0198,true,1,136796
7290006322111,false,לחמניות רחיים קלות 7,,,לחמניות רחיים קלות 7,גרמים,450.00,100 גרם,false,,12.90,0.0287,true,1,141257
7290006322128,false,לחמניות קלות 75 גרם,,,לחמניות קלות 75 גרם,גרמים,450.00,100 גרם,false,,8.90,0.0198,true,1,141258
7290006322166,false,לחמניות רגילות 6*75,,,לחמניות רגילות 6*75,Unknown,6.00,יחידה,false,,9.90,1.6500,true,1,153973
7290006322838,false,לחם קמח מלא 100% מאפ,,,לחם קמח מלא 100% מאפ,גרמים,750.00,100 גרם,false,,12.90,0.0172,true,1,141262
7290006342447,false,גרעין אבטיח 200 גרם,,,גרעין אבטיח 200 גרם,גרמים,200.00,100 גרם,false,,12.90,0.0645,true,1,154593
7290006342553,false,קבוקים 200 גר' שקית,,,קבוקים 200 גר' שקית,גרמים,200.00,100 גרם,false,,6.90,0.0345,true,1,154594
7290006342560,false,בוטן אמריקאי 200 גרם,,,בוטן אמריקאי 200 גרם,גרמים,200.00,100 גרם,false,,6.90,0.0345,true,1,154595
7290006342645,false,טורטיה גדולה 840 גרם,,,טורטיה גדולה 840 גרם,גרמים,840.00,100 גרם,false,,14.90,0.0177,true,1,154596
7290006374738,false,קונפיטורת תות 340 גר,,,קונפיטורת תות 340 גר,גרמים,340.00,100 גרם,false,,10.90,0.0321,true,1,141993
7290006378910,true,שקיות אוכל 150 יחידו,,,שקיות אוכל 150 יחידו,,0.00,,false,,5.00,0.0000,true,1,133358
7290006378996,true,ניילון נצמד גולד 30,,,ניילון נצמד גולד 30,,0.00,,false,,5.00,0.0000,true,1,133035
7290006492432,false,בייבי מוצרלה 18% 150,,,בייבי מוצרלה 18% 150,גרמים,150.00,100 גרם,false,,14.90,0.0993,true,1,136375
7290006492616,false,גבינה בולגרית מעודנת,,,גבינה בולגרית מעודנת,גרמים,250.00,100 גרם,false,,25.20,0.1008,true,1,141341
7290006511751,false,שלישית פטריות חתוך ו,,,שלישית פטריות חתוך ו,Unknown,3.00,יחידה,false,,11.90,3.9667,true,1,154164
7290006651570,false,קמיל בלו אל סבון ושמ,,,קמיל בלו אל סבון ושמ,מיליליטרים,750.00,"100 מ""ל",false,,17.90,0.0239,true,1,141769
7290006653819,false,אסם קוסקוס דק 350 גר,,,אסם קוסקוס דק 350 גר,גרמים,350.00,100 גרם,false,,7.50,0.0214,true,1,144780
7290006664037,false,גמדים תפוח בננה רביע,,,גמדים תפוח בננה רביע,גרמים,400.00,100 גרם,false,,10.90,0.0273,true,1,142888
7290006664532,false,"דנונה תות 3% 150 מ""ל",,,"דנונה תות 3% 150 מ""ל",גרמים,150.00,100 גרם,false,,3.50,0.0233,true,1,140877
7290006664655,false,"אקטימל לבן 8*100 מ""ל",,,"אקטימל לבן 8*100 מ""ל",מיליליטרים,800.00,"100 מ""ל",false,,19.90,0.0249,true,1,142152
7290006664693,false,דנונה אפרסק 3% 150 ג,,,דנונה אפרסק 3% 150 ג,גרמים,150.00,100 גרם,false,,3.50,0.0233,true,1,142153
7290006681553,false,קרמבו שטראוס וניל 8*,,,קרמבו שטראוס וניל 8*,Unknown,8.00,יחידה,false,,16.90,2.1125,true,1,140849
7290006681560,false,קרמבו בטעם מוקה שטרא,,,קרמבו בטעם מוקה שטרא,Unknown,8.00,יחידה,false,,16.90,2.1125,true,1,140850
7290006739292,false,פסטרמה תבור 330 גר',,,פסטרמה תבור 330 גר',גרמים,330.00,100 גרם,false,,25.90,0.0785,true,1,150517
7290006739414,false,סלמי קוניאק 300 גרם,,,סלמי קוניאק 300 גרם,גרמים,300.00,100 גרם,false,,24.90,0.0830,true,1,142455
7290006739421,false,נקניק סלמי מעושן איט,,,נקניק סלמי מעושן איט,גרמים,300.00,100 גרם,false,,25.90,0.0863,true,1,144716
7290006739445,false,שניצל תירס קלאסי 750,,,שניצל תירס קלאסי 750,גרמים,750.00,100 גרם,false,,21.90,0.0292,true,1,140778
7290006742162,false,המבורגר מזרחי 400 גר,,,המבורגר מזרחי 400 גר,גרמים,400.00,100 גרם,false,,19.90,0.0497,true,1,147263
7290006742278,false,פסטרמה צלויה על לבני,,,פסטרמה צלויה על לבני,גרמים,330.00,100 גרם,false,,25.90,0.0785,true,1,140784
7290006742292,false,פסטרמה בדבש 330 גרם,,,פסטרמה בדבש 330 גרם,גרמים,330.00,100 גרם,false,,25.90,0.0785,true,1,140785
7290006742315,false,פסטרמה חזה הודו ברבי,,,פסטרמה חזה הודו ברבי,גרמים,330.00,100 גרם,false,,25.90,0.0785,true,1,140787
7290006765000,false,טורטיה מקמח מלא 540,,,טורטיה מקמח מלא 540,גרמים,540.00,100 גרם,false,,9.90,0.0183,true,1,154597
7290006805850,false,תערובת לאפייה פילסבר,,,תערובת לאפייה פילסבר,גרמים,500.00,100 גרם,false,,15.90,0.0318,true,1,155846
7290006983176,false,לחמית שיפון 230 גרם,,,לחמית שיפון 230 גרם,גרמים,230.00,100 גרם,false,,7.90,0.0343,true,1,144231
7290006983763,false,עוגת הבית תפוחים פיר,,,עוגת הבית תפוחים פיר,גרמים,400.00,100 גרם,false,,10.90,0.0273,true,1,143877
7290006983787,false,עוגת הבית שיש אסם 40,,,עוגת הבית שיש אסם 40,גרמים,400.00,100 גרם,false,,10.90,0.0273,true,1,139857
7290006983794,false,עוגת הבית שוקולד צ'י,,,עוגת הבית שוקולד צ'י,גרמים,400.00,100 גרם,false,,10.90,0.0273,true,1,139874
7290008158473,true,מפעל-גליל נייר תעשיי,,,מפעל-גליל נייר תעשיי,,0.00,,false,,2999.90,0.0000,true,1,137704
7290008175814,false,פטריות חתוכות 400 גר,,,פטריות חתוכות 400 גר,גרמים,400.00,100 גרם,false,,5.50,0.0138,true,1,132507
7290008190644,true,אגו אצבעות וופל שוקו,,,אגו אצבעות וופל שוקו,,0.00,,false,,5.00,0.0000,true,1,135307
7290008333115,false,אבקת ג'לטין טהור נטו,,,אבקת ג'לטין טהור נטו,גרמים,28.00,100 גרם,false,,9.90,0.3536,true,1,141500
7290008343466,false,בצק פילו שלושת האופי,,,בצק פילו שלושת האופי,גרמים,500.00,100 גרם,false,,21.90,0.0438,true,1,142981
7290008347181,false,מעדניה - פילה אמנון,,,מעדניה - פילה אמנון,קילוגרמים,1.00,"ק""ג",true,,30.90,30.9000,true,1,149549
7290008347891,false,מעדניה - פילה אמנון,,,מעדניה - פילה אמנון,קילוגרמים,1.00,"ק""ג",true,,30.90,30.9000,true,1,149550
7290008409100,false,אצבעות שניצל בציפוי,,,אצבעות שניצל בציפוי,גרמים,700.00,100 גרם,false,,29.90,0.0427,true,1,141113
7290008409124,false,שניצל ג'ונגל פריך 70,,,שניצל ג'ונגל פריך 70,גרמים,700.00,100 גרם,false,,34.90,0.0499,true,1,140561
7290008464116,true,חבית בירה גולדסטאר א,,,חבית בירה גולדסטאר א,,0.00,,false,,0.00,0.0000,true,1,138750
7290008464130,false,בירה גולדסטאר לא מסו,,,בירה גולדסטאר לא מסו,מיליליטרים,1980.00,"100 מ""ל",false,,35.90,0.0181,true,1,141737
7290008464345,false,"גולדסטאר 330 מ""ל",,,"גולדסטאר 330 מ""ל",מיליליטרים,330.00,"100 מ""ל",false,,7.20,0.0218,true,1,138721
7290008464468,false,"גולדסטאר פחית 500 מ""",,,"גולדסטאר פחית 500 מ""",מיליליטרים,500.00,"100 מ""ל",false,,8.40,0.0168,true,1,141047
7290008464505,false,מים סאן בנדטו 500 מל,,,מים סאן בנדטו 500 מל,מיליליטרים,500.00,"100 מ""ל",false,,3.00,0.0060,true,1,134473
7290008464604,false,"בירה הייניקן 500 מ""ל",,,"בירה הייניקן 500 מ""ל",מיליליטרים,500.00,"100 מ""ל",false,,11.90,0.0238,true,1,141045
7290008464604,false,"בירה הייניקן 500 מ""ל",,,"בירה הייניקן 500 מ""ל",מיליליטרים,500.00,"100 מ""ל",false,,11.90,0.0238,true,1,141048
7290008464741,false,בירה גולד סטאר שישיי,,,בירה גולד סטאר שישיי,מיליליטרים,1980.00,"100 מ""ל",false,,38.40,0.0194,true,1,139454
7290008644112,false,סלט מטבוחה אחלה 125,,,סלט מטבוחה אחלה 125,גרמים,125.00,100 גרם,false,,4.70,0.0376,true,1,142889
7290008645935,false,חומוס אחלה 750 גרם,,,חומוס אחלה 750 גרם,גרמים,750.00,100 גרם,false,,10.90,0.0145,true,1,142155
7290008693134,false,"דניאלה תות 150 מ""ל",,,"דניאלה תות 150 מ""ל",גרמים,150.00,100 גרם,false,,3.90,0.0260,true,1,135238
7290008713900,false,לחם שיפון עגול פרוס,,,לחם שיפון עגול פרוס,גרמים,750.00,100 גרם,false,,12.90,0.0172,true,1,145490
7290008745239,false,תפוציפס קראנצ' טבעי,,,תפוציפס קראנצ' טבעי,גרמים,50.00,100 גרם,false,,3.50,0.0700,true,1,139167
7290008750264,false,מאסט דובדבן מגדים 28,,,מאסט דובדבן מגדים 28,גרמים,28.00,100 גרם,false,,4.50,0.1607,true,1,136392
7290008750677,false,ממולדה שוקולד חלב תו,,,ממולדה שוקולד חלב תו,גרמים,100.00,100 גרם,false,,5.00,0.0500,true,1,135299
7290008753111,false,תפוציפס קראנצ מקסיקנ,,,תפוציפס קראנצ מקסיקנ,גרמים,50.00,100 גרם,false,,3.50,0.0700,true,1,139171
7290008753364,false,דוריטוס גריל 55 גרם,,,דוריטוס גריל 55 גרם,גרמים,55.00,100 גרם,false,,3.50,0.0636,true,1,132873
7290008753371,false,דוריטוס נאצ'ו 55 גרם,,,דוריטוס נאצ'ו 55 גרם,גרמים,55.00,100 גרם,false,,3.30,0.0600,true,1,135132
7290008753388,false,דוריטוס טבעי 55 גר,,,דוריטוס טבעי 55 גר,גרמים,55.00,100 גרם,false,,3.50,0.0636,true,1,142413
7290008754415,false,מאסט ספירמינט מגדים,,,מאסט ספירמינט מגדים,גרמים,28.00,100 גרם,false,,4.50,0.1607,true,1,134322
7290008775816,false,ערגליות שוקולד שקית,,,ערגליות שוקולד שקית,גרמים,300.00,100 גרם,false,,9.90,0.0330,true,1,138458
7290008775892,false,פרפקפטו פסטה לינגוינ,,,פרפקפטו פסטה לינגוינ,גרמים,500.00,100 גרם,false,,6.50,0.0130,true,1,144011
7290008801157,false,יין אדום מרלו סלקטד,,,יין אדום מרלו סלקטד,מיליליטרים,750.00,"100 מ""ל",false,,29.10,0.0388,true,1,141826
7290008801843,false,יין אדום יבש קברנה ס,,,יין אדום יבש קברנה ס,מיליליטרים,750.00,"100 מ""ל",false,,29.10,0.0388,true,1,141829
7290008801850,false,יין לבן חצי יבש אמרל,,,יין לבן חצי יבש אמרל,מיליליטרים,750.00,"100 מ""ל",false,,29.90,0.0399,true,1,141830
7290008805964,false,יין אדום קברנה שיראז,,,יין אדום קברנה שיראז,מיליליטרים,750.00,"100 מ""ל",false,,60.20,0.0803,true,1,141833
7290008806305,false,פצפצים,,,פצפצים,Unknown,1.00,יחידה,false,,5.90,5.9000,true,1,145721
7290008806961,false,גלידת קרמיסימו 1.33,,,גלידת קרמיסימו 1.33,מיליליטרים,1330.00,"100 מ""ל",false,,18.90,0.0142,true,1,145722
7290008806985,false,קרמיסימו נשנושים שוק,,,קרמיסימו נשנושים שוק,Unknown,60.00,יחידה,false,,39.80,0.6633,true,1,145723
7290008909853,false,קולה ZERO בקבוק 500,,,קולה ZERO בקבוק 500,מיליליטרים,500.00,"100 מ""ל",false,,6.20,0.0124,true,1,138608
7290008909860,false,קוקה קולה זירו בקבוק,,,קוקה קולה זירו בקבוק,מיליליטרים,1500.00,"100 מ""ל",false,,8.80,0.0059,true,1,139617
7290008981538,false,תערובת לתיבול פיתה ז,,,תערובת לתיבול פיתה ז,גרמים,250.00,100 גרם,false,,19.90,0.0796,true,1,152132
7290009004366,true,תירס ארוז,,,תירס ארוז,קילוגרמים,1.00,"ק""ג",true,,11.90,11.9000,true,1,147397
7290010002023,false,כורכום טחון במיכל תב,,,כורכום טחון במיכל תב,גרמים,100.00,100 גרם,false,,11.90,0.1190,true,1,140493
7290010002030,false,כמון טחון במיכל תבלי,,,כמון טחון במיכל תבלי,גרמים,100.00,100 גרם,false,,11.50,0.1150,true,1,140494
7290010002061,false,פלפל לבן טחון במיכל,,,פלפל לבן טחון במיכל,גרמים,100.00,100 גרם,false,,17.90,0.1790,true,1,142983
7290010002078,false,פלפל שחור טחון במיכל,,,פלפל שחור טחון במיכל,גרמים,100.00,100 גרם,false,,15.50,0.1550,true,1,140496
7290010002122,false,פפריקה הונגרית מתוקה,,,פפריקה הונגרית מתוקה,גרמים,100.00,100 גרם,false,,11.90,0.1190,true,1,140498
7290010002146,false,פפריקה מרוקאית מתוקה,,,פפריקה מרוקאית מתוקה,גרמים,100.00,100 גרם,false,,11.90,0.1190,true,1,140500
7290010002320,false,תיבול לגריל עוף במיכ,,,תיבול לגריל עוף במיכ,גרמים,100.00,100 גרם,false,,11.50,0.1150,true,1,140502
7290010003693,false,פפריקה מתוקה בשקית ת,,,פפריקה מתוקה בשקית ת,גרמים,80.00,100 גרם,false,,5.90,0.0738,true,1,143001
7290010003709,false,פלפל שחור טחון בשקית,,,פלפל שחור טחון בשקית,גרמים,50.00,100 גרם,false,,7.70,0.1540,true,1,143002
7290010003754,false,כמון טחון בשקית מימו,,,כמון טחון בשקית מימו,גרמים,50.00,100 גרם,false,,5.90,0.1180,true,1,143003
7290010003761,false,כורכום טחון בשקית תב,,,כורכום טחון בשקית תב,גרמים,80.00,100 גרם,false,,6.30,0.0787,true,1,143004
7290010003792,false,מלח לימון בשקית תבלי,,,מלח לימון בשקית תבלי,גרמים,100.00,100 גרם,false,,5.90,0.0590,true,1,143007
7290010003808,false,זעתר ושומשום בשקית מ,,,זעתר ושומשום בשקית מ,גרמים,80.00,100 גרם,false,,5.90,0.0738,true,1,143008
7290010003846,false,אורגנו בשקית תבליני,,,אורגנו בשקית תבליני,גרמים,20.00,100 גרם,false,,6.30,0.3150,true,1,143011
7290010117857,false,דוריטוס חריף אש 55 ג,,,דוריטוס חריף אש 55 ג,גרמים,55.00,100 גרם,false,,3.50,0.0636,true,1,136354
7290010117970,false,בוטנים אמריקאים 50 ג,,,בוטנים אמריקאים 50 ג,גרמים,50.00,100 גרם,false,,2.90,0.0580,true,1,137029
7290010119950,false,דוריטוס חמוץ חריף 55,,,דוריטוס חמוץ חריף 55,גרמים,55.00,100 גרם,false,,3.50,0.0636,true,1,132874
7290010129003,false,עוגיות אוזניים 600 ג,,,עוגיות אוזניים 600 ג,גרמים,600.00,100 גרם,false,,19.90,0.0332,true,1,137079
7290010129027,false,עוגיות מרוקאיות 600,,,עוגיות מרוקאיות 600,גרמים,600.00,100 גרם,false,,19.90,0.0332,true,1,137081
7290010129324,false,עוגיות מעמול 600 גרם,,,עוגיות מעמול 600 גרם,גרמים,600.00,100 גרם,false,,19.90,0.0332,true,1,140406
7290010129652,false,עוגיות לקפה 350 גרם,,,עוגיות לקפה 350 גרם,גרמים,350.00,100 גרם,false,,16.90,0.0483,true,1,144093
7290010129676,false,עוגיות מרוקאיות ארוך,,,עוגיות מרוקאיות ארוך,גרמים,350.00,100 גרם,false,,16.90,0.0483,true,1,144095
7290010129942,false,עוגת קראנץ שמרים שוק,,,עוגת קראנץ שמרים שוק,גרמים,500.00,100 גרם,false,,12.90,0.0258,true,1,140399
7290010129959,false,עוגיות שמרים רוגלך 4,,,עוגיות שמרים רוגלך 4,גרמים,400.00,100 גרם,false,,11.90,0.0298,true,1,137085
7290010154050,false,ממרח שיפקה כבוש 250,,,ממרח שיפקה כבוש 250,גרמים,250.00,100 גרם,false,,13.90,0.0556,true,1,159223
7290010154685,false,סלט שום כתוש 250 גרם,,,סלט שום כתוש 250 גרם,גרמים,250.00,100 גרם,false,,13.90,0.0556,true,1,141607
7290010192120,false,צנוניות 400 גרם,,,צנוניות 400 גרם,גרמים,400.00,100 גרם,false,,5.90,0.0148,true,1,161249
7290010237531,false,"פפסי קולה 500 מ""ל",,,"פפסי קולה 500 מ""ל",מיליליטרים,500.00,"100 מ""ל",false,,4.50,0.0090,true,1,132897
7290010259823,false,נודלס בטעם עוף מנת ה,,,נודלס בטעם עוף מנת ה,גרמים,70.00,100 גרם,false,,5.50,0.0786,true,1,143294
7290010259847,false,מנת השף נודלס בטעם ת,,,מנת השף נודלס בטעם ת,גרמים,70.00,100 גרם,false,,5.50,0.0786,true,1,156786
7290010259854,false,נודלס מנת השף בטעם פ,,,נודלס מנת השף בטעם פ,גרמים,70.00,100 גרם,false,,5.50,0.0786,true,1,143296
7290010259861,false,נודלס עם ירקות מנת ה,,,נודלס עם ירקות מנת ה,גרמים,70.00,100 גרם,false,,5.50,0.0786,true,1,156787
7290010259977,false,שמן קנולה 1 ליטר,,,שמן קנולה 1 ליטר,מיליליטרים,1000.00,"100 מ""ל",false,,10.90,0.0109,true,1,138615
7290010293971,true,כוס אספרסו - די סי1,,,כוס אספרסו - די סי1,,0.00,,false,,0.00,0.0000,true,1,139294
7290010300815,true,סבון אסלה כחול,,,סבון אסלה כחול,,0.00,,false,,5.00,0.0000,true,1,133196
7290010321222,true,יולו white קרם פטסיי,,,יולו white קרם פטסיי,,0.00,,false,,5.00,0.0000,true,1,138764
7290010321239,true,יולו white קרמל מלוח,,,יולו white קרמל מלוח,,0.00,,false,,5.00,0.0000,true,1,138765
7290010328246,false,טחינה גולמית משומשום,,,טחינה גולמית משומשום,גרמים,500.00,100 גרם,false,,12.90,0.0258,true,1,138873
7290010328253,false,טחינה גולמית אחוה 50,,,טחינה גולמית אחוה 50,גרמים,500.00,100 גרם,false,,12.90,0.0258,true,1,136405
7290010328468,false,מיני חלווה חטיפי חלו,,,מיני חלווה חטיפי חלו,Unknown,18.00,יחידה,false,,11.90,0.6611,true,1,145090
7290010328505,false,חטיפי מיני חלווה ללא,,,חטיפי מיני חלווה ללא,Unknown,15.00,יחידה,false,,11.90,0.7933,true,1,145091
7290010329599,true,אגו אצבעות וופל דאבל,,,אגו אצבעות וופל דאבל,,0.00,,false,,5.00,0.0000,true,1,135308
7290010352463,true,מפעל-ממרח אבוקדו,,,מפעל-ממרח אבוקדו,,0.00,,false,,2999.90,0.0000,true,1,135029
7290010627004,false,טחינה ירושלים 500 גר,,,טחינה ירושלים 500 גר,גרמים,500.00,100 גרם,false,,15.90,0.0318,true,1,140838
7290010627844,false,טחינה שומשום מלא ירו,,,טחינה שומשום מלא ירו,גרמים,500.00,100 גרם,false,,15.90,0.0318,true,1,140839
7290010632794,true,"סכינים ח""פ 100 יחידו",,,"סכינים ח""פ 100 יחידו",,0.00,,false,,5.00,0.0000,true,1,138808
7290010829385,true,מטליות לרצפה 10 יחיד,,,מטליות לרצפה 10 יחיד,,0.00,,false,,5.00,0.0000,true,1,133125
7290010829460,true,מגבונים להסרת איפור,,,מגבונים להסרת איפור,,0.00,,false,,5.00,0.0000,true,1,133565
7290010883370,false,כפפות אלוורה M,,,כפפות אלוורה M,Unknown,1.00,יחידה,false,,10.90,10.9000,true,1,142828
7290010903344,false,אצבעות שניצל רמי לוי,,,אצבעות שניצל רמי לוי,גרמים,1000.00,100 גרם,false,,34.90,0.0349,true,1,153489
7290010931330,false,מטבוחה 500,,,מטבוחה 500,גרמים,575.00,100 גרם,false,,13.80,0.0240,true,1,142156
7290010945146,false,גבינת קוטג' מועשרת 3,,,גבינת קוטג' מועשרת 3,גרמים,250.00,100 גרם,false,,5.50,0.0220,true,1,152086
7290010961016,true,דוגן מזלג פלסטיק100,,,דוגן מזלג פלסטיק100,,0.00,,false,,2999.90,0.0000,true,1,134809
7290010962082,true,תירס מתוק 550 גרם,,,תירס מתוק 550 גרם,,0.00,,false,,5.00,0.0000,true,1,133354
7290010984879,false,שום כתוש קפוא בצנצנת,,,שום כתוש קפוא בצנצנת,גרמים,200.00,100 גרם,false,,11.90,0.0595,true,1,146256
7290011017866,false,סליק קוקה קולה 330 מ,,,סליק קוקה קולה 330 מ,מיליליטרים,330.00,"100 מ""ל",false,,6.20,0.0188,true,1,133365
7290011017873,false,סליק קולה ZERO 330 מ,,,סליק קולה ZERO 330 מ,מיליליטרים,330.00,"100 מ""ל",false,,6.20,0.0188,true,1,133366
7290011018184,false,FUZE tea אפרסק 0.5 ל,,,FUZE tea אפרסק 0.5 ל,מיליליטרים,500.00,"100 מ""ל",false,,8.40,0.0168,true,1,148125
7290011101213,false,מגש במבו מלבן חום גו,,,מגש במבו מלבן חום גו,Unknown,1.00,יחידה,false,,9.90,9.9000,true,1,154855
7290011133849,true,חבית בירה גולדסטאר2,,,חבית בירה גולדסטאר2,,0.00,,false,,0.00,0.0000,true,1,138454
7290011148591,false,כרובית,,,כרובית,Unknown,1.00,יחידה,false,,9.90,9.9000,true,1,156547
7290011164546,false,סוכריות טופי אטומיק,,,סוכריות טופי אטומיק,גרמים,600.00,100 גרם,false,,19.90,0.0332,true,1,154419
7290011194215,false,דניאלה בננה 150 גרם,,,דניאלה בננה 150 גרם,גרמים,150.00,100 גרם,false,,3.90,0.0260,true,1,135239
7290011194246,false,גבינת קוטג 5% שטראוס,,,גבינת קוטג 5% שטראוס,גרמים,250.00,100 גרם,false,,5.90,0.0236,true,1,133716
7290011223045,false,בישקוטים בונומי 200,,,בישקוטים בונומי 200,גרמים,200.00,100 גרם,false,,5.90,0.0295,true,1,141412
7290011249212,false,ופלים בטעם לימון עלמ,,,ופלים בטעם לימון עלמ,גרמים,200.00,100 גרם,false,,3.50,0.0175,true,1,146299
7290011249748,false,רולים שוקו 100 גרם,,,רולים שוקו 100 גרם,גרמים,100.00,100 גרם,false,,3.90,0.0390,true,1,143905
7290011249755,false,רולים אגוז 100 גרם,,,רולים אגוז 100 גרם,גרמים,100.00,100 גרם,false,,3.90,0.0390,true,1,143906
7290011254063,true,מפעל-עדשים שחורות50,,,מפעל-עדשים שחורות50,,0.00,,false,,2999.00,0.0000,true,1,136999
7290011276010,true,חסה ערבית,,,חסה ערבית,,0.00,,false,,5.00,0.0000,true,1,133037
7290011300975,false,סבון ורוד פרדייז 500,,,סבון ורוד פרדייז 500,מיליליטרים,500.00,"100 מ""ל",false,,5.90,0.0118,true,1,143635
7290011378516,false,טחינה 100% שומשום טה,,,טחינה 100% שומשום טה,גרמים,450.00,100 גרם,false,,14.90,0.0331,true,1,148521
7290011378776,false,חלבה בקטנה חטיף וניל,,,חלבה בקטנה חטיף וניל,גרמים,126.00,100 גרם,false,,10.90,0.0865,true,1,138898
7290011432775,false,שקית גופיה סופרקופיק,,,שקית גופיה סופרקופיק,Unknown,1.00,יחידה,false,,0.10,0.1000,true,1,148122
7290011438142,false,אייס קפה 2% יטבתה 35,,,אייס קפה 2% יטבתה 35,מיליליטרים,350.00,"100 מ""ל",false,,6.20,0.0177,true,1,142890
7290011447267,false,מטרנה חלבי חיסכון של,,,מטרנה חלבי חיסכון של,גרמים,700.00,100 גרם,false,,47.90,0.0684,true,1,151831
7290011486150,true,מארז חג פורים,,,מארז חג פורים,,0.00,,false,,5.00,0.0000,true,1,134257
7290011489755,true,בייגלה טבעות עם מלח,,,בייגלה טבעות עם מלח,,0.00,,false,,5.00,0.0000,true,1,134463
7290011489762,true,בייגלה טבעות עם שומש,,,בייגלה טבעות עם שומש,,0.00,,false,,5.00,0.0000,true,1,134464
7290011499105,false,בולגרית מסורתית 5% 2,,,בולגרית מסורתית 5% 2,גרמים,250.00,100 גרם,false,,21.90,0.0876,true,1,141334
7290011499129,false,קוביות גבינה בולגרית,,,קוביות גבינה בולגרית,גרמים,200.00,100 גרם,false,,22.90,0.1145,true,1,136376
7290011499327,false,‏בולגרית מעודנת 5% 2,,,‏בולגרית מעודנת 5% 2,גרמים,250.00,100 גרם,false,,22.90,0.0916,true,1,141335
7290011499365,false,חלומי 24% 200 גרם,,,חלומי 24% 200 גרם,גרמים,200.00,100 גרם,false,,18.90,0.0945,true,1,141346
7290011499419,false,גבינה במרקם שמנת ניו,,,גבינה במרקם שמנת ניו,גרמים,200.00,100 גרם,false,,11.40,0.0570,true,1,141237
7290011499624,false,גבינת שמנת ניו יורק,,,גבינת שמנת ניו יורק,גרמים,200.00,100 גרם,false,,12.90,0.0645,true,1,141239
7290011499853,false,גבינת שמנת עם זיתים,,,גבינת שמנת עם זיתים,גרמים,200.00,100 גרם,false,,12.90,0.0645,true,1,144924
7290011587055,false,שמן זית כתית מעולה ת,,,שמן זית כתית מעולה ת,מיליליטרים,750.00,"100 מ""ל",false,,29.90,0.0399,true,1,158572
7290011587635,false,מקרל מרוקאי עגבניות,,,מקרל מרוקאי עגבניות,גרמים,125.00,100 גרם,false,,5.90,0.0472,true,1,158632
7290011587758,false,נודלס דק 200 גרם,,,נודלס דק 200 גרם,גרמים,200.00,100 גרם,false,,4.90,0.0245,true,1,158634
7290011598211,false,אנטי קאלק מרסס 4 ב-,,,אנטי קאלק מרסס 4 ב-,מיליליטרים,750.00,"100 מ""ל",false,,17.90,0.0239,true,1,139707
7290011668099,true,גל ניקוי,,,גל ניקוי,,0.00,,false,,0.00,0.0000,true,1,134708
7290011723200,false,טחינה הר ברכה 500 גר,,,טחינה הר ברכה 500 גר,גרמים,500.00,100 גרם,false,,18.90,0.0378,true,1,157617
7290011765446,false,משחת שיניים אורביטול,,,משחת שיניים אורביטול,גרמים,70.00,100 גרם,false,,7.90,0.1129,true,1,142716
7290011778354,false,ביצים חופשיות מן הטב,,,ביצים חופשיות מן הטב,Unknown,20.00,יחידה,false,,29.90,1.4950,true,1,160341
7290011877101,false,סנומוד מטהר אוויר מא,,,סנומוד מטהר אוויר מא,מיליליטרים,150.00,"100 מ""ל",false,,10.90,0.0727,true,1,140196
7290011977627,false,סרדינים בשמן צמחי טע,,,סרדינים בשמן צמחי טע,גרמים,125.00,100 גרם,false,,4.10,0.0328,true,1,140381
7290011977634,false,סרדינים בשמן סויה עם,,,סרדינים בשמן סויה עם,גרמים,125.00,100 גרם,false,,4.10,0.0328,true,1,140382
7290011977924,false,פסטה בילאג'יו קרניים,,,פסטה בילאג'יו קרניים,גרמים,500.00,100 גרם,false,,4.90,0.0098,true,1,157922
7290012004889,true,מפעל-עדשים שחורות מה,,,מפעל-עדשים שחורות מה,,0.00,,false,,2999.00,0.0000,true,1,137023
7290012022203,false,קליליות פרכיות חיטה,,,קליליות פרכיות חיטה,גרמים,100.00,100 גרם,false,,13.50,0.1350,true,1,156026
7290012022272,false,קליליות קידס פרכיות,,,קליליות קידס פרכיות,גרמים,30.00,100 גרם,false,,9.90,0.3300,true,1,156032
7290012025839,false,מטבוחה אסלי 400 גרם,,,מטבוחה אסלי 400 גרם,גרמים,400.00,100 גרם,false,,11.90,0.0298,true,1,157471
7290012028472,true,מארז טבק נקסט פיין,,,מארז טבק נקסט פיין,,0.00,,false,,0.00,0.0000,true,1,138280
7290012028663,true,מארז טבק אל.אמ בלו,,,מארז טבק אל.אמ בלו,,0.00,,false,,0.00,0.0000,true,1,138874
7290012028755,true,פאקט-נקסט ריסס ארוך,,,פאקט-נקסט ריסס ארוך,,0.00,,false,,0.00,0.0000,true,1,138281
7290012030574,true,אל אמ מנטה,,,אל אמ מנטה,,0.00,,false,,0.00,0.0000,true,1,138794
7290012052163,false,גרנולה רפאל - אגוזים,,,גרנולה רפאל - אגוזים,גרמים,350.00,100 גרם,false,,17.90,0.0511,true,1,143487
7290012052309,false,גרנולה תענוג - בננה,,,גרנולה תענוג - בננה,גרמים,1000.00,100 גרם,false,,24.90,0.0249,true,1,147732
7290012116537,false,מקסימה אבקת כביסה מא,,,מקסימה אבקת כביסה מא,גרמים,2500.00,100 גרם,false,,22.90,0.0092,true,1,142836
7290012117350,false,ריצפז פרש לילך 2 ליט,,,ריצפז פרש לילך 2 ליט,מיליליטרים,2000.00,"100 מ""ל",false,,18.90,0.0094,true,1,143512
7290012117558,false,מרכך מרוכז מאסק 1 לי,,,מרכך מרוכז מאסק 1 לי,מיליליטרים,1000.00,"100 מ""ל",false,,17.50,0.0175,true,1,139708
7290012226120,false,קבנוס זוגלובק 135 גר,,,קבנוס זוגלובק 135 גר,גרמים,135.00,100 גרם,false,,9.90,0.0733,true,1,140790
7290012226922,false,קבנוס עם שום 135 גרם,,,קבנוס עם שום 135 גרם,גרמים,135.00,100 גרם,false,,9.90,0.0733,true,1,145627
7290012226939,false,קבנוס עם צ'ילי חריף,,,קבנוס עם צ'ילי חריף,גרמים,135.00,100 גרם,false,,9.90,0.0733,true,1,145628
7290012227172,false,זוג פסטרמות במארז חר,,,זוג פסטרמות במארז חר,גרמים,600.00,100 גרם,false,,26.60,0.0443,true,1,140795
7290012227974,false,פסטרמה בדבש 120 גרם,,,פסטרמה בדבש 120 גרם,גרמים,120.00,100 גרם,false,,12.90,0.1075,true,1,140800
7290012227998,false,חזה בקר 120 גרם,,,חזה בקר 120 גרם,גרמים,120.00,100 גרם,false,,12.90,0.1075,true,1,140802
7290012228124,false,קבנוסטיקס - חטיף קבנ,,,קבנוסטיקס - חטיף קבנ,גרמים,50.00,100 גרם,false,,9.90,0.1980,true,1,140803
7290012245923,false,"פוטטוס (פלחי תפו""א)",,,"פוטטוס (פלחי תפו""א)",גרמים,1000.00,100 גרם,false,,13.90,0.0139,true,1,148649
7290012309878,false,חלבה עם פיסטוק 500 ג,,,חלבה עם פיסטוק 500 ג,גרמים,500.00,100 גרם,false,,13.90,0.0278,true,1,148358
7290012313240,false,מיקס זית ירוק וקלמטה,,,מיקס זית ירוק וקלמטה,גרמים,560.00,100 גרם,false,,11.90,0.0213,true,1,156299
7290012367717,false,אפקטיב קר קרם ידיים,,,אפקטיב קר קרם ידיים,מיליליטרים,150.00,"100 מ""ל",false,,14.90,0.0993,true,1,141777
7290012483530,true,עגבניות מקולפות קובי,,,עגבניות מקולפות קובי,,0.00,,false,,5.00,0.0000,true,1,132509
7290012526602,false,כוסות שתיה קרה 100 י,,,כוסות שתיה קרה 100 י,Unknown,100.00,יחידה,false,,6.80,0.0680,true,1,142071
7290012588242,false,מים מינרליים שישייה,,,מים מינרליים שישייה,Unknown,6.00,יחידה,false,,12.70,2.1167,true,1,140911
7290012642586,false,ערמונים קלופים 100 ג,,,ערמונים קלופים 100 ג,גרמים,100.00,100 גרם,false,,4.90,0.0490,true,1,133079
7290012642876,false,פלפלונים מעורב בחומץ,,,פלפלונים מעורב בחומץ,מיליליטרים,530.00,"100 מ""ל",false,,13.00,0.0245,true,1,158646
7290012696510,true,"ג""ל לניקוי האסלה",,,"ג""ל לניקוי האסלה",,0.00,,false,,5.00,0.0000,true,1,133068
7290012767128,true,נוזל ניקוי חלונות 1,,,נוזל ניקוי חלונות 1,,0.00,,false,,0.00,0.0000,true,1,134734
7290012803154,true,מואי גליליות עם קרם,,,מואי גליליות עם קרם,,0.00,,false,,5.00,0.0000,true,1,133158
7290012803192,true,מואי-גליליות עם אייר,,,מואי-גליליות עם אייר,,0.00,,false,,5.00,0.0000,true,1,133481
7290012803222,false,ופל בלגי בטעם לימון,,,ופל בלגי בטעם לימון,גרמים,200.00,100 גרם,false,,9.90,0.0495,true,1,137403
7290012803772,false,טוסו שוקולד חלב ללא,,,טוסו שוקולד חלב ללא,גרמים,10.00,100 גרם,false,,8.90,0.8900,true,1,141418
7290012823398,false,מטליות לחות לרצפה בנ,,,מטליות לחות לרצפה בנ,Unknown,1.00,יחידה,false,,12.90,12.9000,true,1,140749
7290012931901,true,10 מטליות לחות לרצפה,,,10 מטליות לחות לרצפה,,0.00,,false,,8.00,0.0000,true,1,137377
7290012936937,false,בהרט במיכל תבליני מי,,,בהרט במיכל תבליני מי,גרמים,40.00,100 גרם,false,,11.90,0.2975,true,1,143019
7290012936944,false,אגוז מוסקט טחון במיכ,,,אגוז מוסקט טחון במיכ,גרמים,40.00,100 גרם,false,,14.90,0.3725,true,1,143020
7290012938405,false,נייר אלומיניום דיימו,,,נייר אלומיניום דיימו,100 יחידה,1.00,100 יחידה,false,,16.90,16.9000,true,1,160917
7290012975295,true,פלזית -קופיקס - מכסה,,,פלזית -קופיקס - מכסה,,0.00,,false,,0.00,0.0000,true,1,134907
7290012975301,true,"מכסה לכוס 250 מ""ל קו",,,"מכסה לכוס 250 מ""ל קו",,0.00,,false,,0.00,0.0000,true,1,134908
7290012983276,false,סילאן תמר כנרת 900 ג,,,סילאן תמר כנרת 900 ג,גרמים,900.00,100 גרם,false,,12.90,0.0143,true,1,151976
7290013027399,false,לחם קל פרוס 100% קמח,,,לחם קל פרוס 100% קמח,גרמים,750.00,100 גרם,false,,13.90,0.0185,true,1,145491
7290013033220,true,קוסקוס 500 גרם,,,קוסקוס 500 גרם,,0.00,,false,,5.00,0.0000,true,1,132352
7290013038654,true,בירה חבית מכבי קופיק,,,בירה חבית מכבי קופיק,,0.00,,false,,0.00,0.0000,true,1,135597
7290013089809,false,מעדניה - פילה אמנון,,,מעדניה - פילה אמנון,קילוגרמים,1.00,"ק""ג",true,,30.90,30.9000,true,1,149552
7290013117243,false,בורקס פילו בולגרית מ,,,בורקס פילו בולגרית מ,גרמים,600.00,100 גרם,false,,19.90,0.0332,true,1,150409
7290013144171,false,תערובת עוגת שוקולד 5,,,תערובת עוגת שוקולד 5,גרמים,560.00,100 גרם,false,,17.50,0.0313,true,1,140508
7290013144188,false,תערובת בראוניז 600 ג,,,תערובת בראוניז 600 ג,גרמים,600.00,100 גרם,false,,17.50,0.0292,true,1,140509
7290013144195,false,תערובת כדורי שוקולד,,,תערובת כדורי שוקולד,גרמים,500.00,100 גרם,false,,17.50,0.0350,true,1,140510
7290013144232,false,פודינג וניל 80 גרם,,,פודינג וניל 80 גרם,גרמים,85.00,100 גרם,false,,5.00,0.0588,true,1,140514
7290013144249,false,פודינג שוקולד 95 גרם,,,פודינג שוקולד 95 גרם,גרמים,95.00,100 גרם,false,,5.00,0.0526,true,1,140515
7290013144393,false,מימונס תמצית בטעם ונ,,,מימונס תמצית בטעם ונ,גרמים,50.00,100 גרם,false,,4.90,0.0980,true,1,140517
7290013144508,false,מימונס תמצית בטעם ור,,,מימונס תמצית בטעם ור,גרמים,50.00,100 גרם,false,,10.90,0.2180,true,1,140520
7290013144539,false,מימונס צבע מאכל אדום,,,מימונס צבע מאכל אדום,גרמים,50.00,100 גרם,false,,4.50,0.0900,true,1,140523
7290013144560,false,מימונס צבע מאכל כחול,,,מימונס צבע מאכל כחול,גרמים,50.00,100 גרם,false,,4.50,0.0900,true,1,140524
7290013144614,false,מימונס סירופ מייפל א,,,מימונס סירופ מייפל א,מיליליטרים,236.00,"100 מ""ל",false,,29.90,0.1267,true,1,140525
7290013144805,false,אייס קפה לייט 250 גר,,,אייס קפה לייט 250 גר,גרמים,250.00,100 גרם,false,,20.90,0.0836,true,1,160148
7290013145055,false,פרג שלם בשקית 100 גר,,,פרג שלם בשקית 100 גר,גרמים,100.00,100 גרם,false,,6.90,0.0690,true,1,139473
7290013145178,false,מימונס קוקוס טחון לב,,,מימונס קוקוס טחון לב,גרמים,100.00,100 גרם,false,,4.60,0.0460,true,1,139477
7290013145192,false,מימונס שומשום 100 גר,,,מימונס שומשום 100 גר,גרמים,100.00,100 גרם,false,,4.60,0.0460,true,1,139478
7290013145567,false,מיני עדשים 90 גרם,,,מיני עדשים 90 גרם,גרמים,90.00,100 גרם,false,,10.90,0.1211,true,1,142783
7290013145628,false,מימונס סוכריות צבעונ,,,מימונס סוכריות צבעונ,גרמים,200.00,100 גרם,false,,8.90,0.0445,true,1,139414
7290013145840,false,סוכר וניל 10 יח' בצל,,,סוכר וניל 10 יח' בצל,גרמים,100.00,100 גרם,false,,2.50,0.0250,true,1,139479
7290013145857,false,אבקת אפיה 10 יח' בצל,,,אבקת אפיה 10 יח' בצל,גרמים,100.00,100 גרם,false,,2.50,0.0250,true,1,139422
7290013145901,false,"סודה לשתיה כשל""פ 100",,,"סודה לשתיה כשל""פ 100",גרמים,100.00,100 גרם,false,,2.00,0.0200,true,1,139416
7290013145956,false,שמרים יבשים בואקום 5,,,שמרים יבשים בואקום 5,גרמים,500.00,100 גרם,false,,13.90,0.0278,true,1,142786
7290013145963,false,מימונס שמרים יבשים ב,,,מימונס שמרים יבשים ב,גרמים,125.00,100 גרם,false,,5.90,0.0472,true,1,140529
7290013146724,false,אבקה להכנת אייס קפה,,,אבקה להכנת אייס קפה,גרמים,350.00,100 גרם,false,,18.90,0.0540,true,1,156762
7290013268020,false,סנו מרכך מרוכז אולטר,,,סנו מרכך מרוכז אולטר,מיליליטרים,1000.00,"100 מ""ל",false,,17.50,0.0175,true,1,139722
7290013268242,false,ריצפז פרש הום מלון מ,,,ריצפז פרש הום מלון מ,מיליליטרים,2000.00,"100 מ""ל",false,,21.90,0.0109,true,1,145757
7290013268983,false,מרכך כביסה סנו מקסימ,,,מרכך כביסה סנו מקסימ,מיליליטרים,1000.00,"100 מ""ל",false,,17.90,0.0179,true,1,157299
7290013269751,false,מטליות לחות לריצפה ה,,,מטליות לחות לריצפה ה,Unknown,1.00,יחידה,false,,12.90,12.9000,true,1,146734
7290013284310,false,רוטב פסטה לילדים פרי,,,רוטב פסטה לילדים פרי,גרמים,240.00,100 גרם,false,,5.50,0.0229,true,1,132627
7290013284510,true,מפעל-מלפפון קוביות ב,,,מפעל-מלפפון קוביות ב,קילוגרמים,1.00,"ק""ג",true,,2999.90,2999.9000,true,1,136880
7290013284662,false,רוטב פיצה פיתה פריני,,,רוטב פיצה פיתה פריני,גרמים,240.00,100 גרם,false,,5.50,0.0229,true,1,132628
7290013302236,false,פסטה בילאג'יו פרפלה,,,פסטה בילאג'יו פרפלה,גרמים,500.00,100 גרם,false,,4.90,0.0098,true,1,157923
7290013302243,false,פסטה בילאג'יו מסולסל,,,פסטה בילאג'יו מסולסל,גרמים,500.00,100 גרם,false,,4.90,0.0098,true,1,157924
7290013358356,false,פירורי לחם מוזהבים מ,,,פירורי לחם מוזהבים מ,גרמים,320.00,100 גרם,false,,6.90,0.0216,true,1,143781
7290013358363,false,פירורי לחם בסגנון יפ,,,פירורי לחם בסגנון יפ,גרמים,300.00,100 גרם,false,,11.90,0.0397,true,1,149722
7290013358806,false,מנה פריכיות אורז עם,,,מנה פריכיות אורז עם,גרמים,264.00,100 גרם,false,,11.90,0.0451,true,1,144645
7290013382740,true,טוסטר להכנה בחנות,,,טוסטר להכנה בחנות,,0.00,,false,,0.00,0.0000,true,1,136202
7290013404121,true,מלפפון 7-9 בחומץ,,,מלפפון 7-9 בחומץ,,0.00,,false,,5.00,0.0000,true,1,138822
7290013472199,false,ערמונים קלופים וקלוי,,,ערמונים קלופים וקלוי,גרמים,100.00,100 גרם,false,,5.90,0.0590,true,1,133020
7290013472311,true,מקרלים בשמן זית 120,,,מקרלים בשמן זית 120,,0.00,,false,,5.00,0.0000,true,1,133094
7290013540867,true,מפעל -נתחי טונה בהיר,,,מפעל -נתחי טונה בהיר,קילוגרמים,1.00,"ק""ג",true,,2999.90,2999.9000,true,1,135598
7290013584496,true,ארגז פיקדון טובורג2,,,ארגז פיקדון טובורג2,,0.00,,false,,0.00,0.0000,true,1,136508
7290013585233,false,סליק ספרייט זירו 330,,,סליק ספרייט זירו 330,מיליליטרים,330.00,"100 מ""ל",false,,6.20,0.0188,true,1,134694
7290013585387,false,קוקה קולה זירו בקבוק,,,קוקה קולה זירו בקבוק,מיליליטרים,1000.00,"100 מ""ל",false,,6.90,0.0069,true,1,136233
7290013585394,false,קוקה קולה בקבוק 1 לי,,,קוקה קולה בקבוק 1 לי,מיליליטרים,1000.00,"100 מ""ל",false,,7.20,0.0072,true,1,136234
7290013585967,false,שישיית פחיות ספרייט,,,שישיית פחיות ספרייט,מיליליטרים,1980.00,"100 מ""ל",false,,25.70,0.0130,true,1,136235
7290013702036,true,שוופס WATER אפרסק50,,,שוופס WATER אפרסק50,,0.00,,false,,6.00,0.0000,true,1,137207
7290013702050,true,שוופס WATER ענבים50,,,שוופס WATER ענבים50,,0.00,,false,,6.00,0.0000,true,1,137208
7290013702883,false,שוופס מ. פירות פינק,,,שוופס מ. פירות פינק,מיליליטרים,500.00,"100 מ""ל",false,,5.50,0.0110,true,1,134353
7290013843050,false,כוסות שתיה קרה 100 י,,,כוסות שתיה קרה 100 י,Unknown,100.00,יחידה,false,,6.80,0.0680,true,1,145100
7290013847102,false,נתחי טונה בשמן סטארק,,,נתחי טונה בשמן סטארק,גרמים,240.00,100 גרם,false,,12.90,0.0538,true,1,146540
7290013847225,true,מפעל-ס.ק פאוצ נתחי ט,,,מפעל-ס.ק פאוצ נתחי ט,קילוגרמים,1.00,"ק""ג",true,,0.00,0.0000,true,1,137570
7290013847645,false,טונה בהירה בשמן זית,,,טונה בהירה בשמן זית,גרמים,240.00,100 גרם,false,,16.90,0.0704,true,1,147019
7290013847867,false,טונה בהירה בשמן קנול,,,טונה בהירה בשמן קנול,גרמים,280.00,100 גרם,false,,12.90,0.0461,true,1,157448
7290013848758,false,ג'ל כביסה מרוכז בייב,,,ג'ל כביסה מרוכז בייב,מיליליטרים,3000.00,"100 מ""ל",false,,32.80,0.0109,true,1,142846
7290013849205,false,כוסות שתיה קרה 100 י,,,כוסות שתיה קרה 100 י,Unknown,100.00,יחידה,false,,6.80,0.0680,true,1,151857
7290013883407,false,מרסס לחיטוי כללי דזי,,,מרסס לחיטוי כללי דזי,מיליליטרים,750.00,"100 מ""ל",false,,13.90,0.0185,true,1,157674
7290013906441,false,קבנוס 120 גרם טירת צ,,,קבנוס 120 גרם טירת צ,גרמים,120.00,100 גרם,false,,9.90,0.0825,true,1,150417
7290014002203,false,חליטת לימונית לואיזה,,,חליטת לימונית לואיזה,Unknown,25.00,יחידה,false,,17.90,0.7160,true,1,140843
7290014066373,false,קפסולות קפה תואמות נ,,,קפסולות קפה תואמות נ,Unknown,10.00,יחידה,false,,15.90,1.5900,true,1,149724
7290014066380,false,קפסולות קפה תואמות נ,,,קפסולות קפה תואמות נ,Unknown,10.00,יחידה,false,,15.90,1.5900,true,1,149725
7290014066526,false,קפסולות קפה תואמות נ,,,קפסולות קפה תואמות נ,Unknown,10.00,יחידה,false,,15.90,1.5900,true,1,149726
7290014083806,false,עוגיות בטעם חמאה 350,,,עוגיות בטעם חמאה 350,גרמים,350.00,100 גרם,false,,11.90,0.0340,true,1,143297
7290014083813,false,שפרוטים מעושנים בשמן,,,שפרוטים מעושנים בשמן,גרמים,190.00,100 גרם,false,,8.90,0.0468,true,1,150151
7290014094352,false,אגוזים קלופים 200 גר,,,אגוזים קלופים 200 גר,גרמים,200.00,100 גרם,false,,15.90,0.0795,true,1,159461
7290014094406,false,צימוק לבן 330 גר' -,,,צימוק לבן 330 גר' -,גרמים,330.00,100 גרם,false,,17.90,0.0542,true,1,159466
7290014094543,false,תרסיס שמן קנולה שקדי,,,תרסיס שמן קנולה שקדי,מיליליטרים,170.00,"100 מ""ל",false,,14.90,0.0876,true,1,156643
7290014094796,false,משמש מיובש שקית 300,,,משמש מיובש שקית 300,גרמים,300.00,100 גרם,false,,19.90,0.0663,true,1,159469
7290014094833,false,צימוק בהיר שקית 300,,,צימוק בהיר שקית 300,גרמים,300.00,100 גרם,false,,14.90,0.0497,true,1,159472
7290014094895,false,אגוזים קלופים בשקית,,,אגוזים קלופים בשקית,גרמים,150.00,100 גרם,false,,11.90,0.0793,true,1,155992
7290014094901,false,פקאן טבעי 150 גר' שק,,,פקאן טבעי 150 גר' שק,גרמים,150.00,100 גרם,false,,19.90,0.1327,true,1,154603
7290014095953,false,משוקלדים פקאן חלב 16,,,משוקלדים פקאן חלב 16,גרמים,160.00,100 גרם,false,,13.90,0.0869,true,1,154605
7290014126145,true,מואי גליליות שוקולד,,,מואי גליליות שוקולד,,0.00,,false,,5.00,0.0000,true,1,133159
7290014126152,true,מואי שכבות ביסקוויט,,,מואי שכבות ביסקוויט,,0.00,,false,,5.00,0.0000,true,1,133482
7290014126725,true,מואי-עוגיות קוקוס עם,,,מואי-עוגיות קוקוס עם,,0.00,,false,,5.00,0.0000,true,1,135296
7290014236189,true,סבון אסלה כחול בודד,,,סבון אסלה כחול בודד,,0.00,,false,,5.00,0.0000,true,1,132585
7290014356146,true,מפעל-פסטה מסולסלת 5,,,מפעל-פסטה מסולסלת 5,,0.00,,false,,0.00,0.0000,true,1,136991
7290014356245,true,מפעל-שמן קנולה 1 ליט,,,מפעל-שמן קנולה 1 ליט,קילוגרמים,1.00,"ק""ג",true,,0.00,0.0000,true,1,137451
7290014356269,true,מפעל-שמן קנולה 3 ליט,,,מפעל-שמן קנולה 3 ליט,,0.00,,false,,0.00,0.0000,true,1,136972
7290014397170,false,מילוי פרש ונילה ולבנ,,,מילוי פרש ונילה ולבנ,מיליליטרים,250.00,"100 מ""ל",false,,13.90,0.0556,true,1,141176
7290014397507,false,מבשם לבית בניחוח מאס,,,מבשם לבית בניחוח מאס,מיליליטרים,350.00,"100 מ""ל",false,,11.90,0.0340,true,1,140729
7290014459281,true,תפוגן 150 גרם,,,תפוגן 150 גרם,,0.00,,false,,5.00,0.0000,true,1,132410
7290014471412,false,מוזלי בוטנים אגוזים,,,מוזלי בוטנים אגוזים,גרמים,1000.00,100 גרם,false,,19.90,0.0199,true,1,151855
7290014471443,false,גרנולה צימוקים ואגוז,,,גרנולה צימוקים ואגוז,גרמים,1000.00,100 גרם,false,,19.90,0.0199,true,1,148444
7290014472136,false,גרעין שחור קלוי  150,,,גרעין שחור קלוי  150,גרמים,150.00,100 גרם,false,,4.90,0.0327,true,1,161777
7290014472990,false,ממרח 100% שקדים שקדי,,,ממרח 100% שקדים שקדי,גרמים,300.00,100 גרם,false,,29.90,0.0997,true,1,154607
7290014639560,true,דאודורנט גרנייה מיני,,,דאודורנט גרנייה מיני,,0.00,,false,,5.00,0.0000,true,1,132922
7290014673007,false,תערובת עשבי תיבול בס,,,תערובת עשבי תיבול בס,גרמים,40.00,100 גרם,false,,11.90,0.2975,true,1,156764
7290014673045,false,תערובת תיבול לצ'יפס,,,תערובת תיבול לצ'יפס,גרמים,100.00,100 גרם,false,,11.90,0.1190,true,1,156766
7290014692565,false,גרעיני תירס מתוק ויל,,,גרעיני תירס מתוק ויל,גרמים,320.00,100 גרם,false,,5.90,0.0184,true,1,152724
7290014692626,true,עוגיות איטלקיות מובח,,,עוגיות איטלקיות מובח,,0.00,,false,,5.00,0.0000,true,1,133069
7290014692749,false,שמן זית כתית מעולה ו,,,שמן זית כתית מעולה ו,גרמים,750.00,100 גרם,false,,32.90,0.0439,true,1,159298
7290014758117,false,יוגורט ביו 1.5% תנוב,,,יוגורט ביו 1.5% תנוב,Unknown,8.00,יחידה,false,,15.90,1.9875,true,1,150315
7290014759084,false,נפוליאון גבינת שמנת,,,נפוליאון גבינת שמנת,גרמים,225.00,100 גרם,false,,12.90,0.0573,true,1,138410
7290014759497,true,"קוטג 125 5% ""גרם",,,"קוטג 125 5% ""גרם",,0.00,,false,,5.00,0.0000,true,1,133007
7290014759978,false,קצקבל גלעד 27% פלח 2,,,קצקבל גלעד 27% פלח 2,גרמים,200.00,100 גרם,false,,24.90,0.1245,true,1,145567
7290014759985,false,פלח פרמזן גבע 23% 20,,,פלח פרמזן גבע 23% 20,גרמים,200.00,100 גרם,false,,23.90,0.1195,true,1,145568
7290014759992,false,פלח רוקפור גליל 27%,,,פלח רוקפור גליל 27%,גרמים,140.00,100 גרם,false,,18.90,0.1350,true,1,145569
7290014760134,false,מאגדת מעדן סויה וניל,,,מאגדת מעדן סויה וניל,גרמים,250.00,100 גרם,false,,3.90,0.0156,true,1,145210
7290014760141,false,משקה שקדים טרי 1 ליט,,,משקה שקדים טרי 1 ליט,מיליליטרים,1000.00,"100 מ""ל",false,,12.90,0.0129,true,1,145570
7290014761056,false,מעדן חלב עם שוקולד ח,,,מעדן חלב עם שוקולד ח,גרמים,123.00,100 גרם,false,,4.30,0.0350,true,1,134547
7290014761063,false,מעדן חלב עם שוקולד מ,,,מעדן חלב עם שוקולד מ,גרמים,123.00,100 גרם,false,,4.30,0.0350,true,1,136966
7290014761193,false,פרילי פירות יער 1.5%,,,פרילי פירות יער 1.5%,מיליליטרים,125.00,"100 מ""ל",false,,3.30,0.0264,true,1,159718
7290014761872,true,"חלב קרטון 800 3% מ""ל",,,"חלב קרטון 800 3% מ""ל",,0.00,,false,,5.00,0.0000,true,1,132752
7290014762473,true,משקה אורז מועשר 1 לי,,,משקה אורז מועשר 1 לי,,0.00,,false,,5.00,0.0000,true,1,135223
7290014762800,false,מעדן סויה שוקולד גבי,,,מעדן סויה שוקולד גבי,גרמים,125.00,100 גרם,false,,4.20,0.0336,true,1,145214
7290014762831,false,נפוליאון גבינת שמנת,,,נפוליאון גבינת שמנת,גרמים,225.00,100 גרם,false,,12.90,0.0573,true,1,147596
7290014762848,false,פתיתי גלבוע 10% תוספ,,,פתיתי גלבוע 10% תוספ,גרמים,550.00,100 גרם,false,,32.90,0.0598,true,1,147282
7290014762909,false,מוצרלה פתיתים 20% שו,,,מוצרלה פתיתים 20% שו,גרמים,200.00,100 גרם,false,,15.90,0.0795,true,1,141003
7290014787476,true,מפעל-רוטב סויה קיקומ,,,מפעל-רוטב סויה קיקומ,,0.00,,false,,0.00,0.0000,true,1,137587
7290014791091,false,שוופס מ. פירות למוני,,,שוופס מ. פירות למוני,מיליליטרים,500.00,"100 מ""ל",false,,5.50,0.0110,true,1,134354
7290014791336,false,מים מינרלים מי עדן פ,,,מים מינרלים מי עדן פ,מיליליטרים,500.00,"100 מ""ל",false,,3.90,0.0078,true,1,137503
7290014791831,false,פרוט ווטר ענבים 500,,,פרוט ווטר ענבים 500,מיליליטרים,500.00,"100 מ""ל",false,,6.50,0.0130,true,1,162388
7290014791848,false,פרוט ווטר אננס 500 מ,,,פרוט ווטר אננס 500 מ,מיליליטרים,500.00,"100 מ""ל",false,,6.50,0.0130,true,1,162389
7290014860315,true,מפעל-שומשום שחור קלו,,,מפעל-שומשום שחור קלו,,0.00,,false,,0.00,0.0000,true,1,135248
7290014940901,false,לחם פשוט מלא 750 גרם,,,לחם פשוט מלא 750 גרם,גרמים,750.00,100 גרם,false,,13.90,0.0185,true,1,145492
7290014974562,false,גביעי גלידה קלאסיים,,,גביעי גלידה קלאסיים,Unknown,24.00,יחידה,false,,8.90,0.3708,true,1,143910
7290015009034,true,עלי טורטיה מקמח לבן,,,עלי טורטיה מקמח לבן,,0.00,,false,,5.00,0.0000,true,1,132692
7290015014082,false,לבבות קיסר 250 גרם,,,לבבות קיסר 250 גרם,גרמים,250.00,100 גרם,false,,10.90,0.0436,true,1,162392
7290015014182,false,לבבות קיסר בשקית רמי,,,לבבות קיסר בשקית רמי,Unknown,1.00,יחידה,false,,9.90,9.9000,true,1,146362
7290015014274,false,צנוניות רמי לוי 500,,,צנוניות רמי לוי 500,גרמים,500.00,100 גרם,false,,5.90,0.0118,true,1,146364
7290015014458,false,מרווה,,,מרווה,Unknown,1.00,יחידה,false,,5.90,5.9000,true,1,146366
7290015014465,false,רוזמרין,,,רוזמרין,Unknown,1.00,יחידה,false,,5.90,5.9000,true,1,146367
7290015039222,true,שלישיית נתחי טונה בה,,,שלישיית נתחי טונה בה,,0.00,,false,,5.00,0.0000,true,1,133169
7290015039246,false,נתחי טונה בהירה בשמן,,,נתחי טונה בהירה בשמן,גרמים,640.00,100 גרם,false,,19.70,0.0308,true,1,139267
7290015039338,false,נתחי טונה במי מלח וי,,,נתחי טונה במי מלח וי,גרמים,640.00,100 גרם,false,,19.70,0.0308,true,1,139268
7290015039925,true,מיץ לימון משומר 200,,,מיץ לימון משומר 200,,0.00,,false,,5.00,0.0000,true,1,132947
7290015042291,true,"רוטב צ""ימיצ""ורי",,,"רוטב צ""ימיצ""ורי",,0.00,,false,,5.00,0.0000,true,1,134456
7290015057516,true,עוגיות עם מילוי שוקו,,,עוגיות עם מילוי שוקו,,0.00,,false,,5.00,0.0000,true,1,135220
7290015057523,true,עוגיות עם מילוי וניל,,,עוגיות עם מילוי וניל,,0.00,,false,,5.00,0.0000,true,1,135226
7290015139479,true,מיקסים שוקולד חלב וא,,,מיקסים שוקולד חלב וא,,0.00,,false,,5.00,0.0000,true,1,134983
7290015139731,true,שלשות שוקולד מריר85,,,שלשות שוקולד מריר85,,0.00,,false,,0.00,0.0000,true,1,138957
7290015139762,true,שלשות שוקולד מריר עם,,,שלשות שוקולד מריר עם,,0.00,,false,,0.00,0.0000,true,1,135599
7290015139868,true,איגלו שלוקים כשלפ20,,,איגלו שלוקים כשלפ20,,0.00,,false,,5.00,0.0000,true,1,135044
7290015150088,false,מחית עגבניות קלה גרא,,,מחית עגבניות קלה גרא,גרמים,700.00,100 גרם,false,,12.30,0.0176,true,1,149826
7290015150118,false,עגבניות חתוכות דק 3*,,,עגבניות חתוכות דק 3*,גרמים,1200.00,100 גרם,false,,16.80,0.0140,true,1,143566
7290015193566,false,אובלטים שומשום מעדני,,,אובלטים שומשום מעדני,גרמים,300.00,100 גרם,false,,9.90,0.0330,true,1,156758
7290015193573,false,ווק אטריות אורז עובי,,,ווק אטריות אורז עובי,גרמים,400.00,100 גרם,false,,9.90,0.0248,true,1,145596
7290015193634,false,אובלטים קימל מעדני מ,,,אובלטים קימל מעדני מ,גרמים,300.00,100 גרם,false,,9.90,0.0330,true,1,156759
7290015193849,false,ארומה קרקר מלח 300גר,,,ארומה קרקר מלח 300גר,גרמים,300.00,100 גרם,false,,7.50,0.0250,true,1,144459
7290015224017,true,עגבניית שרי,,,עגבניית שרי,,0.00,,false,,5.00,0.0000,true,1,134743
7290015251464,false,נוזל לחיטוי פירות וי,,,נוזל לחיטוי פירות וי,מיליליטרים,1000.00,"100 מ""ל",false,,11.90,0.0119,true,1,145331
7290015282024,false,איקרה לבנה 200 גרם,,,איקרה לבנה 200 גרם,גרמים,200.00,100 גרם,false,,13.90,0.0695,true,1,157483
7290015282581,false,חומוס אבו גוש עם חרי,,,חומוס אבו גוש עם חרי,גרמים,200.00,100 גרם,false,,10.90,0.0545,true,1,157484
7290015282598,false,חומוס מסעדות 200 גרם,,,חומוס מסעדות 200 גרם,גרמים,200.00,100 גרם,false,,10.90,0.0545,true,1,157485
7290015282673,false,חציל במיונז ביתי 200,,,חציל במיונז ביתי 200,גרמים,200.00,100 גרם,false,,10.90,0.0545,true,1,157488
7290015282697,false,כרוב אדום 200 גרם,,,כרוב אדום 200 גרם,גרמים,200.00,100 גרם,false,,11.90,0.0595,true,1,157489
7290015282741,false,חציל תאילנדי 200 גרם,,,חציל תאילנדי 200 גרם,גרמים,200.00,100 גרם,false,,11.90,0.0595,true,1,157490
7290015325806,false,נועה תחליב רחצה פרח,,,נועה תחליב רחצה פרח,מיליליטרים,750.00,"100 מ""ל",false,,8.90,0.0119,true,1,142464
7290015339360,true,חצאי אפרסק 410 גרם,,,חצאי אפרסק 410 גרם,,0.00,,false,,5.00,0.0000,true,1,132621
7290015339933,false,ריבת חלב טעמן 340 גר,,,ריבת חלב טעמן 340 גר,גרמים,340.00,100 גרם,false,,15.90,0.0468,true,1,152498
7290015395939,false,חטיף יפני 150 גרם-שש,,,חטיף יפני 150 גרם-שש,גרמים,150.00,100 גרם,false,,15.90,0.1060,true,1,148360
7290015395960,false,בוטן רביולי 150 גרם-,,,בוטן רביולי 150 גרם-,גרמים,150.00,100 גרם,false,,15.90,0.1060,true,1,148361
7290015437554,true,נתחי טונה בשמן 80 גר,,,נתחי טונה בשמן 80 גר,,0.00,,false,,5.00,0.0000,true,1,133361
7290015470063,true,"קרם גוף 200 מ""ל",,,"קרם גוף 200 מ""ל",,0.00,,false,,5.00,0.0000,true,1,133200
7290015530828,true,חלה מתוקה 250 גרם,,,חלה מתוקה 250 גרם,,0.00,,false,,5.00,0.0000,true,1,132414
7290015530910,false,חלה חצי מתוקה 350 גר,,,חלה חצי מתוקה 350 גר,גרמים,350.00,100 גרם,false,,5.90,0.0169,true,1,133173
7290015553858,true,"מפעל-שומשום בד""ץ 1 ק",,,"מפעל-שומשום בד""ץ 1 ק",,0.00,,false,,0.00,0.0000,true,1,135888
7290015597937,false,קורנטו קלאסיק וניל,,,קורנטו קלאסיק וניל,Unknown,1.00,יחידה,false,,6.90,6.9000,true,1,145732
7290015640695,true,"ג""ל לכביסה ירוק 500",,,"ג""ל לכביסה ירוק 500",,0.00,,false,,5.00,0.0000,true,1,132482
7290015640725,true,"תחליב רחצה 500 מ""ל",,,"תחליב רחצה 500 מ""ל",,0.00,,false,,5.00,0.0000,true,1,132464
7290015640732,true,שמפו לכל סוגי השיער,,,שמפו לכל סוגי השיער,,0.00,,false,,5.00,0.0000,true,1,132465
7290015644433,false,לחם צרפתי שיפון 100%,,,לחם צרפתי שיפון 100%,גרמים,650.00,100 גרם,false,,15.90,0.0245,true,1,145494
7290015652070,false,קשיו קלוי 150 גרם שק,,,קשיו קלוי 150 גרם שק,גרמים,150.00,100 גרם,false,,12.90,0.0860,true,1,154608
7290015652087,false,תערובת פיצוחים 150 ג,,,תערובת פיצוחים 150 ג,גרמים,150.00,100 גרם,false,,12.90,0.0860,true,1,154609
7290015681186,false,שניצל עוף אמיתי בציפ,,,שניצל עוף אמיתי בציפ,גרמים,700.00,100 גרם,false,,27.90,0.0399,true,1,146269
7290015681759,false,מיזלי פירות 400 גרם,,,מיזלי פירות 400 גרם,גרמים,400.00,100 גרם,false,,10.40,0.0260,true,1,147738
7290015681766,false,חטיף גרנולה עם אגוזי,,,חטיף גרנולה עם אגוזי,Unknown,5.00,יחידה,false,,8.90,1.7800,true,1,148446
7290015681773,false,קינואה 400 גרם - רמי,,,קינואה 400 גרם - רמי,גרמים,400.00,100 גרם,false,,10.90,0.0273,true,1,148447
7290015681780,false,גרנולה פירות 400 גרם,,,גרנולה פירות 400 גרם,גרמים,400.00,100 גרם,false,,10.40,0.0260,true,1,147739
7290015681872,false,חטיף גרנולה עם צימוק,,,חטיף גרנולה עם צימוק,Unknown,5.00,יחידה,false,,8.90,1.7800,true,1,148449
7290015719797,false,חסה ערבית יחידה,,,חסה ערבית יחידה,פריט,1.00,"ק""ג",false,,4.90,4.9000,true,1,156693
7290015834209,false,רמי לוי צ'יפס קלאסי,,,רמי לוי צ'יפס קלאסי,גרמים,2000.00,100 גרם,false,,23.90,0.0119,true,1,142329
7290015834339,false,דבש בצנצנת רמי לוי 3,,,דבש בצנצנת רמי לוי 3,גרמים,350.00,100 גרם,false,,15.90,0.0454,true,1,140075
7290015834445,false,רמי לוי סטיק צ'יפס 2,,,רמי לוי סטיק צ'יפס 2,גרמים,2000.00,100 גרם,false,,21.90,0.0109,true,1,142331
7290015834469,false,לבבות דקל פרוסות במי,,,לבבות דקל פרוסות במי,גרמים,400.00,100 גרם,false,,7.90,0.0198,true,1,140655
7290015835039,false,כריות יפניות עבות רמ,,,כריות יפניות עבות רמ,Unknown,6.00,יחידה,false,,8.90,1.4833,true,1,139278
7290015835060,false,כריות קרצוף 10 יחידו,,,כריות קרצוף 10 יחידו,Unknown,10.00,יחידה,false,,5.90,0.5900,true,1,139284
7290015835077,false,ברזלית 4 יח במארז,,,ברזלית 4 יח במארז,Unknown,4.00,יחידה,false,,7.50,1.8750,true,1,154366
7290015835121,false,מטליות רמי לוי 9 יח,,,מטליות רמי לוי 9 יח,Unknown,9.00,יחידה,false,,8.90,0.9889,true,1,139286
7290015835756,false,שיבולת שועל דקה 500,,,שיבולת שועל דקה 500,גרמים,500.00,100 גרם,false,,4.90,0.0098,true,1,140259
7290015835763,false,שיבולת שועל עבה 500,,,שיבולת שועל עבה 500,גרמים,500.00,100 גרם,false,,4.90,0.0098,true,1,140260
7290015835930,false,מגבות נייר רמי לוי 8,,,מגבות נייר רמי לוי 8,Unknown,8.00,יחידה,false,,13.50,1.6875,true,1,153078
7290015835954,false,מפיות רמי לוי 100 יח,,,מפיות רמי לוי 100 יח,Unknown,100.00,יחידה,false,,4.90,0.0490,true,1,143114
7290015835978,false,ממחטות טישו רמי לוי,,,ממחטות טישו רמי לוי,Unknown,5.00,יחידה,false,,11.90,2.3800,true,1,143115
7290015858687,false,איולי שום עללחם 295,,,איולי שום עללחם 295,גרמים,295.00,100 גרם,false,,15.90,0.0539,true,1,161805
7290015866132,false,כרובית,,,כרובית,Unknown,1.00,יחידה,false,,9.90,9.9000,true,1,154125
7290015899239,false,אקונומיקה מבושמת רמי,,,אקונומיקה מבושמת רמי,מיליליטרים,4000.00,"100 מ""ל",false,,9.90,0.0025,true,1,145333
7290015899307,false,מרכך מרוכז ורוד רמי,,,מרכך מרוכז ורוד רמי,מיליליטרים,1000.00,"100 מ""ל",false,,9.50,0.0095,true,1,145325
7290015899314,false,מרכך מרוכז לבן רמי ל,,,מרכך מרוכז לבן רמי ל,מיליליטרים,1000.00,"100 מ""ל",false,,9.90,0.0099,true,1,145326
7290015899321,false,מרכך מרוכז כחול רמי,,,מרכך מרוכז כחול רמי,מיליליטרים,1000.00,"100 מ""ל",false,,9.50,0.0095,true,1,145327
7290015968089,true,"צלחות פלסטיק 17 ס""מ",,,"צלחות פלסטיק 17 ס""מ",,0.00,,false,,5.00,0.0000,true,1,136800
7290015979559,false,חסה ערבית יחידה,,,חסה ערבית יחידה,פריט,1.00,"ק""ג",false,,4.90,4.9000,true,1,140389
7290015979641,true,ברוקולי זנזורי,,,ברוקולי זנזורי,,0.00,,false,,0.00,0.0000,true,1,138027
7290016006025,false,"שוופס סודה 500 מ""ל",,,"שוופס סודה 500 מ""ל",מיליליטרים,500.00,"100 מ""ל",false,,3.90,0.0078,true,1,137210
7290016006339,false,רביעייה מי עדן 1 ליט,,,רביעייה מי עדן 1 ליט,מיליליטרים,4000.00,"100 מ""ל",false,,9.90,0.0025,true,1,144127
7290016006346,false,שישיית שוופס סודה 50,,,שישיית שוופס סודה 50,מיליליטרים,3000.00,"100 מ""ל",false,,14.20,0.0047,true,1,137237
7290016087192,false,פריניר עגבניות מרוסק,,,פריניר עגבניות מרוסק,גרמים,230.00,100 גרם,false,,5.50,0.0239,true,1,152226
7290016087222,false,פריניר רוטב עגבניות,,,פריניר רוטב עגבניות,גרמים,230.00,100 גרם,false,,5.50,0.0239,true,1,141276
7290016087239,false,פריניר שקשוקה חריף 2,,,פריניר שקשוקה חריף 2,גרמים,230.00,100 גרם,false,,5.50,0.0239,true,1,141277
7290016087499,false,עגבניות חתוכות דק פר,,,עגבניות חתוכות דק פר,גרמים,400.00,100 גרם,false,,12.90,0.0323,true,1,141278
7290016106107,true,קרקר עגבניות ובזיליק,,,קרקר עגבניות ובזיליק,,0.00,,false,,5.00,0.0000,true,1,135849
7290016144000,false,קמח חיטה מלא 80% נפל,,,קמח חיטה מלא 80% נפל,גרמים,1000.00,100 גרם,false,,9.90,0.0099,true,1,148382
7290016144024,false,קמח כוסמין מלא 100%,,,קמח כוסמין מלא 100%,גרמים,1000.00,100 גרם,false,,16.90,0.0169,true,1,148384
7290016144031,false,קמח חיטה לבן מנופה נ,,,קמח חיטה לבן מנופה נ,גרמים,1000.00,100 גרם,false,,7.90,0.0079,true,1,148385
7290016144048,false,קמח כוסמין לבן נפלאו,,,קמח כוסמין לבן נפלאו,גרמים,1000.00,100 גרם,false,,17.90,0.0179,true,1,148386
7290016144055,false,קמח כוסמין 80% נפלאו,,,קמח כוסמין 80% נפלאו,גרמים,1000.00,100 גרם,false,,16.90,0.0169,true,1,148387
7290016144062,false,קמח שיפון מלא נפלאות,,,קמח שיפון מלא נפלאות,קילוגרמים,1.00,"100 ק""ג",false,,12.20,12.2000,true,1,160067
7290016144086,false,"קמח חלה נפלאות 1 ק""ג",,,"קמח חלה נפלאות 1 ק""ג",קילוגרמים,1.00,"100 ק""ג",false,,9.90,9.9000,true,1,160068
7290016144116,false,"קמח תופח נפלאות 1 ק""",,,"קמח תופח נפלאות 1 ק""",קילוגרמים,1.00,"100 ק""ג",false,,11.90,11.9000,true,1,160070
7290016150117,false,סלק מבושל בוואקום,,,סלק מבושל בוואקום,גרמים,500.00,100 גרם,false,,5.90,0.0118,true,1,136085
7290016246445,false,בארכה טחינה גולמית מ,,,בארכה טחינה גולמית מ,גרמים,310.00,100 גרם,false,,12.90,0.0416,true,1,141314
7290016246452,false,בארכה טחינה גולמית מ,,,בארכה טחינה גולמית מ,גרמים,310.00,100 גרם,false,,12.90,0.0416,true,1,141315
7290016255324,false,פותח סתימות בצנרת ני,,,פותח סתימות בצנרת ני,מיליליטרים,1000.00,"100 מ""ל",false,,12.90,0.0129,true,1,145335
7290016270273,false,כרובית,,,כרובית,Unknown,1.00,יחידה,false,,9.90,9.9000,true,1,146294
7290016270709,false,עגבניות שרי,,,עגבניות שרי,Unknown,1.00,יחידה,false,,8.90,8.9000,true,1,135943
7290016272796,false,נייר טואלט רמי לוי 3,,,נייר טואלט רמי לוי 3,Unknown,30.00,יחידה,false,,26.90,0.8967,true,1,143112
7290016272802,false,מגבות נייר רמי לוי 6,,,מגבות נייר רמי לוי 6,Unknown,6.00,יחידה,false,,10.90,1.8167,true,1,143116
7290016273182,false,רמי לוי צ'יפס אמריקא,,,רמי לוי צ'יפס אמריקא,גרמים,1500.00,100 גרם,false,,18.90,0.0126,true,1,142333
7290016304060,false,חלה רגילה 500 גרם,,,חלה רגילה 500 גרם,גרמים,500.00,100 גרם,false,,5.17,0.0103,true,1,144594
7290016304237,false,חלה רגילה עגולה 500,,,חלה רגילה עגולה 500,גרמים,500.00,100 גרם,false,,5.17,0.0103,true,1,144595
7290016304596,false,לחמניות רגילות דוידו,,,לחמניות רגילות דוידו,גרמים,750.00,100 גרם,false,,13.90,0.0185,true,1,147860
7290016304640,false,לחמנייה 100% קמח כוס,,,לחמנייה 100% קמח כוס,גרמים,360.00,100 גרם,false,,10.90,0.0303,true,1,141280
7290016319187,false,טוסו עוגיות סנדוויץ',,,טוסו עוגיות סנדוויץ',גרמים,300.00,100 גרם,false,,16.90,0.0563,true,1,151697
7290016334050,false,סלרי חתוך,,,סלרי חתוך,Unknown,1.00,יחידה,false,,5.90,5.9000,true,1,146371
7290016334173,false,פלפלונים רמי לוי,,,פלפלונים רמי לוי,Unknown,1.00,יחידה,false,,9.90,9.9000,true,1,146374
7290016334180,false,מלפפון בייבי רמי לוי,,,מלפפון בייבי רמי לוי,Unknown,1.00,יחידה,false,,9.90,9.9000,true,1,146375
7290016334296,false,ברוקולי רמי לוי,,,ברוקולי רמי לוי,Unknown,1.00,יחידה,false,,12.90,12.9000,true,1,146377
7290016334456,false,בזיליקום,,,בזיליקום,Unknown,1.00,יחידה,false,,5.90,5.9000,true,1,146381
7290016334500,false,זוג לבבות חסה,,,זוג לבבות חסה,Unknown,1.00,יחידה,false,,9.90,9.9000,true,1,146383
7290016334609,false,נענע בשקית,,,נענע בשקית,Unknown,1.00,יחידה,false,,3.90,3.9000,true,1,146387
7290016334784,false,ג'ינג'ר ארוז,,,ג'ינג'ר ארוז,Unknown,1.00,יחידה,false,,8.90,8.9000,true,1,146393
7290016334883,false,עגבניות שרי תמר,,,עגבניות שרי תמר,Unknown,1.00,יחידה,false,,9.90,9.9000,true,1,146396
7290016334890,false,עגבניות שרי ליקופן,,,עגבניות שרי ליקופן,Unknown,1.00,יחידה,false,,9.90,9.9000,true,1,146397
7290016334906,false,עגבניות שרי מיקס,,,עגבניות שרי מיקס,Unknown,1.00,יחידה,false,,11.90,11.9000,true,1,146398
7290016372373,false,רסק עגבניות 22° קונס,,,רסק עגבניות 22° קונס,גרמים,280.00,100 גרם,false,,7.90,0.0282,true,1,144922
7290016408133,false,מיני כעכים בתוספת בצ,,,מיני כעכים בתוספת בצ,גרמים,225.00,100 גרם,false,,6.50,0.0289,true,1,137169
7290016408423,false,חטיף קרקר עם זיתים ש,,,חטיף קרקר עם זיתים ש,גרמים,130.00,100 גרם,false,,5.90,0.0454,true,1,136017
7290016475029,false,פיתות אסלי המכבים 5,,,פיתות אסלי המכבים 5,Unknown,5.00,יחידה,false,,6.90,1.3800,true,1,134808
7290016542516,false,שיכר תפוחים מוגז 10%,,,שיכר תפוחים מוגז 10%,מיליליטרים,750.00,"100 מ""ל",false,,12.90,0.0172,true,1,139034
7290016542547,true,בירה וקסמן בקבוק500,,,בירה וקסמן בקבוק500,,0.00,,false,,5.00,0.0000,true,1,136961
7290016542813,true,סיידר תפוחים- אס33,,,סיידר תפוחים- אס33,,0.00,,false,,5.00,0.0000,true,1,136284
7290016542844,true,סיידר אגסים - נסיך3,,,סיידר אגסים - נסיך3,,0.00,,false,,5.00,0.0000,true,1,136122
7290016601558,false,מגבונים לניקוי כללי,,,מגבונים לניקוי כללי,Unknown,400.00,יחידה,false,,18.90,0.0472,true,1,147017
7290016609134,false,אפונת גינה בגודל בינ,,,אפונת גינה בגודל בינ,גרמים,550.00,100 גרם,false,,5.90,0.0107,true,1,139919
7290016609141,false,אפונה וגזר רמי לוי 5,,,אפונה וגזר רמי לוי 5,גרמים,550.00,100 גרם,false,,6.50,0.0118,true,1,139920
7290016609196,false,תירס לייט רמי לוי 55,,,תירס לייט רמי לוי 55,גרמים,550.00,100 גרם,false,,6.90,0.0125,true,1,139924
7290016682038,false,מיץ תפוזים סחוט 100%,,,מיץ תפוזים סחוט 100%,מיליליטרים,400.00,"100 מ""ל",false,,9.20,0.0230,true,1,141004
7290016682380,false,לימונדה לואיזה ולימו,,,לימונדה לואיזה ולימו,מיליליטרים,2000.00,"100 מ""ל",false,,26.20,0.0131,true,1,158299
7290016733020,false,ממחטות כיס רמי לוי 1,,,ממחטות כיס רמי לוי 1,Unknown,10.00,יחידה,false,,8.50,0.8500,true,1,143117
7290016733044,false,סחבת רצפה מיקרופייבר,,,סחבת רצפה מיקרופייבר,Unknown,3.00,יחידה,false,,15.90,5.3000,true,1,139279
7290016733051,false,מטליות מיקרופייבר 10,,,מטליות מיקרופייבר 10,Unknown,10.00,יחידה,false,,13.90,1.3900,true,1,139280
7290016733259,false,סלק אדום מקולף רמי ל,,,סלק אדום מקולף רמי ל,Unknown,1.00,יחידה,false,,5.90,5.9000,true,1,146023
7290016733891,false,טבעות בצל רמי לוי 60,,,טבעות בצל רמי לוי 60,גרמים,600.00,100 גרם,false,,14.90,0.0248,true,1,146275
7290016865080,false,שניצל דק בציפוי שומש,,,שניצל דק בציפוי שומש,גרמים,700.00,100 גרם,false,,25.90,0.0370,true,1,146276
7290016967074,false,לחם חיטה מלאה אנג'ל,,,לחם חיטה מלאה אנג'ל,גרמים,750.00,100 גרם,false,,14.90,0.0199,true,1,145495
7290016998320,false,לבבות קיסר 250 גרם,,,לבבות קיסר 250 גרם,גרמים,250.00,100 גרם,false,,10.90,0.0436,true,1,153923
7290017023663,false,רביעיית פחיות שוופס,,,רביעיית פחיות שוופס,מיליליטרים,330.00,"100 מ""ל",false,,14.10,0.0427,true,1,144942
7290017065137,false,ריקוטה למריחה 5% טבע,,,ריקוטה למריחה 5% טבע,גרמים,200.00,100 גרם,false,,10.70,0.0535,true,1,141243
7290017065236,false,בולגרית מעודנת 24% 2,,,בולגרית מעודנת 24% 2,גרמים,250.00,100 גרם,false,,22.90,0.0916,true,1,141246
7290017065434,false,פרוסות גאודה הולנדית,,,פרוסות גאודה הולנדית,גרמים,200.00,100 גרם,false,,20.90,0.1045,true,1,145419
7290017065441,false,פרוסות גאודה עיזים 2,,,פרוסות גאודה עיזים 2,גרמים,200.00,100 גרם,false,,32.90,0.1645,true,1,145420
7290017079127,false,פתיתים קוסקוס- רמי ל,,,פתיתים קוסקוס- רמי ל,גרמים,500.00,100 גרם,false,,3.90,0.0078,true,1,140895
7290017079134,false,פתיתים אורז - רמי לו,,,פתיתים אורז - רמי לו,גרמים,500.00,100 גרם,false,,3.90,0.0078,true,1,140896
7290017079691,false,שוקולד חלב עם אגוזים,,,שוקולד חלב עם אגוזים,גרמים,270.00,100 גרם,false,,13.90,0.0515,true,1,159651
7290017079707,false,שוקולד מריר עם אגוזי,,,שוקולד מריר עם אגוזי,גרמים,270.00,100 גרם,false,,13.90,0.0515,true,1,159652
7290017079714,false,שוקולד חלב עם בוטנים,,,שוקולד חלב עם בוטנים,גרמים,270.00,100 גרם,false,,13.90,0.0515,true,1,159653
7290017094830,false,סלט גזר ברוטב פיקנטי,,,סלט גזר ברוטב פיקנטי,גרמים,400.00,100 גרם,false,,12.90,0.0323,true,1,157497
7290017094847,false,סלט תפוח אדמה אסלי 4,,,סלט תפוח אדמה אסלי 4,גרמים,400.00,100 גרם,false,,11.90,0.0298,true,1,157498
7290017129167,true,שלשות שוקולד חלב עם,,,שלשות שוקולד חלב עם,,0.00,,false,,0.00,0.0000,true,1,138960
7290017129331,true,פניני טוסטונים צנימי,,,פניני טוסטונים צנימי,,0.00,,false,,6.00,0.0000,true,1,139096
7290017129877,false,מיקס לקקנים שטוחים 4,,,מיקס לקקנים שטוחים 4,גרמים,300.00,100 גרם,false,,9.90,0.0330,true,1,145392
7290017142128,false,שמן זית כתית מעולה ק,,,שמן זית כתית מעולה ק,מיליליטרים,750.00,"100 מ""ל",false,,32.80,0.0437,true,1,152808
7290017197067,false,מגבונים לחים בייבי,,,מגבונים לחים בייבי,Unknown,1.00,יחידה,false,,5.90,5.9000,true,1,139984
7290017197159,false,נועה שמפו ומרכך נגד,,,נועה שמפו ומרכך נגד,מיליליטרים,750.00,"100 מ""ל",false,,7.90,0.0105,true,1,159793
7290017197388,false,מגבונים לחים הפי דיי,,,מגבונים לחים הפי דיי,Unknown,6.00,יחידה,false,,19.90,3.3167,true,1,142469
7290017197395,false,מגבונים לחים הפי דיי,,,מגבונים לחים הפי דיי,Unknown,6.00,יחידה,false,,19.90,3.3167,true,1,142470
7290017197425,false,מגבונים לחים ללא ביש,,,מגבונים לחים ללא ביש,Unknown,4.00,יחידה,false,,15.90,3.9750,true,1,147467
7290017197432,false,מגבונים לחים ללא ביש,,,מגבונים לחים ללא ביש,Unknown,4.00,יחידה,false,,15.90,3.9750,true,1,147468
7290017197449,false,מגבונים לחים ללא ביש,,,מגבונים לחים ללא ביש,Unknown,4.00,יחידה,false,,15.90,3.9750,true,1,139985
7290017197500,false,נועה שמפו לשיער יבש,,,נועה שמפו לשיער יבש,מיליליטרים,750.00,"100 מ""ל",false,,7.90,0.0105,true,1,142471
7290017197531,false,נועה מרכך לשיער יבש,,,נועה מרכך לשיער יבש,מיליליטרים,750.00,"100 מ""ל",false,,8.90,0.0119,true,1,142474
7290017197654,false,מטליות לחות לניקוי ר,,,מטליות לחות לניקוי ר,Unknown,10.00,יחידה,false,,9.90,0.9900,true,1,139986
7290017266725,false,ופל קראנצ' במילוי קר,,,ופל קראנצ' במילוי קר,גרמים,480.00,100 גרם,false,,15.90,0.0331,true,1,153487
7290017266909,false,וופלים מעולים במילוי,,,וופלים מעולים במילוי,גרמים,200.00,100 גרם,false,,5.50,0.0275,true,1,159556
7290017266916,false,וופלים מעולים במילוי,,,וופלים מעולים במילוי,גרמים,200.00,100 גרם,false,,5.50,0.0275,true,1,159557
7290017291093,false,סלק אדום מקולף רמי ל,,,סלק אדום מקולף רמי ל,Unknown,1.00,יחידה,false,,5.90,5.9000,true,1,151657
7290017291123,false,שום ארוז יבוא,,,שום ארוז יבוא,Unknown,1.00,יחידה,false,,7.90,7.9000,true,1,158898
7290017304885,false,לחם שיפון וחיטה מלאה,,,לחם שיפון וחיטה מלאה,גרמים,750.00,100 גרם,false,,14.90,0.0199,true,1,145497
7290017389424,false,שקד מולבן פרוס 200 ג,,,שקד מולבן פרוס 200 ג,גרמים,200.00,100 גרם,false,,16.90,0.0845,true,1,139818
7290017390482,false,מטבעות שוקולד חלב לא,,,מטבעות שוקולד חלב לא,גרמים,300.00,100 גרם,false,,10.90,0.0363,true,1,154624
7290017390499,false,מטבעות שוקולד לבן לא,,,מטבעות שוקולד לבן לא,גרמים,300.00,100 גרם,false,,10.90,0.0363,true,1,154625
7290017390529,false,סוכריות גומידובונים,,,סוכריות גומידובונים,גרמים,300.00,100 גרם,false,,10.90,0.0363,true,1,146194
7290017390543,false,סוכריות גומי מסוכרות,,,סוכריות גומי מסוכרות,גרמים,300.00,100 גרם,false,,10.90,0.0363,true,1,146196
7290017390550,false,סוכריות גומי מסוכרות,,,סוכריות גומי מסוכרות,גרמים,300.00,100 גרם,false,,10.90,0.0363,true,1,146197
7290017390574,false,סוכריות גומי מסוכרות,,,סוכריות גומי מסוכרות,גרמים,300.00,100 גרם,false,,10.90,0.0363,true,1,146199
7290017390666,false,צימוק בציפוי שוקולד,,,צימוק בציפוי שוקולד,גרמים,250.00,100 גרם,false,,16.90,0.0676,true,1,146208
7290017504001,false,פטריות שמפניון ארוז,,,פטריות שמפניון ארוז,Unknown,1.00,יחידה,false,,9.90,9.9000,true,1,146401
7290017504032,false,פטריות זוגות איטלקי,,,פטריות זוגות איטלקי,Unknown,1.00,יחידה,false,,17.90,17.9000,true,1,146404
7290017513775,false,FLIPZ - בייגלה מצופה,,,FLIPZ - בייגלה מצופה,גרמים,140.00,100 גרם,false,,9.50,0.0679,true,1,145777
7290017586007,false,גזר ארוז,,,גזר ארוז,קילוגרמים,1.00,"ק""ג",true,,4.90,4.9000,true,1,161618
7290017589633,false,יין אדום יבש רזרב גו,,,יין אדום יבש רזרב גו,מיליליטרים,750.00,"100 מ""ל",false,,50.20,0.0669,true,1,143179
7290017593036,true,תירס,,,תירס,,0.00,,false,,11.90,0.0000,true,1,146905
7290017599267,false,סוכרזית סוכרלוז 120,,,סוכרזית סוכרלוז 120,גרמים,100.00,100 גרם,false,,24.90,0.2490,true,1,160277
7290017599304,false,סוכרזית סטיוויה כפית,,,סוכרזית סטיוויה כפית,גרמים,400.00,100 גרם,false,,34.90,0.0872,true,1,160766
7290017599700,true,פמלה קלופה,,,פמלה קלופה,,0.00,,false,,12.00,0.0000,true,1,139261
7290017641188,false,קרקר עם שיפון מלא וס,,,קרקר עם שיפון מלא וס,גרמים,130.00,100 גרם,false,,5.90,0.0454,true,1,143472
7290017641676,false,שוקולד מריר אגוז אגו,,,שוקולד מריר אגוז אגו,גרמים,85.00,100 גרם,false,,10.90,0.1282,true,1,146717
7290017641744,false,"איגלו סטיקס 800 מ""ל",,,"איגלו סטיקס 800 מ""ל",מיליליטרים,800.00,"100 מ""ל",false,,5.90,0.0074,true,1,147470
7290017677804,false,רוטב סויה קיקומן 444,,,רוטב סויה קיקומן 444,מיליליטרים,444.00,"100 מ""ל",false,,20.90,0.0471,true,1,145507
7290017744162,false,שימורי דגי שפרוטים מ,,,שימורי דגי שפרוטים מ,גרמים,440.00,100 גרם,false,,11.90,0.0270,true,1,148656
7290017746128,false,פיתות ביס 10 יחידות,,,פיתות ביס 10 יחידות,Unknown,10.00,יחידה,false,,13.90,1.3900,true,1,152077
7290017746135,false,פיתות כוסמין 10 יחיד,,,פיתות כוסמין 10 יחיד,Unknown,10.00,יחידה,false,,14.90,1.4900,true,1,152078
7290017746258,false,פרנה לחם מרוקאי מסור,,,פרנה לחם מרוקאי מסור,Unknown,4.00,יחידה,false,,15.50,3.8750,true,1,153030
7290017812069,false,יין לבן חצי יבש אקסל,,,יין לבן חצי יבש אקסל,מיליליטרים,750.00,"100 מ""ל",false,,27.20,0.0363,true,1,141843
7290017812083,false,תירוש ענבים אדום רמי,,,תירוש ענבים אדום רמי,מיליליטרים,1000.00,"100 מ""ל",false,,13.20,0.0132,true,1,143506
7290017845029,false,פטריות צמד משפחתי (מ,,,פטריות צמד משפחתי (מ,Unknown,1.00,יחידה,false,,17.90,17.9000,true,1,146978
7290017845043,false,פטריות חצי חצי (מוגו,,,פטריות חצי חצי (מוגו,Unknown,1.00,יחידה,false,,17.90,17.9000,true,1,146979
7290017845203,false,פטריות א.א (מוג'ו),,,פטריות א.א (מוג'ו),Unknown,1.00,יחידה,false,,9.90,9.9000,true,1,146405
7290017864341,false,"תפו""א למיקרו 700 גרם",,,"תפו""א למיקרו 700 גרם",Unknown,1.00,יחידה,false,,7.90,7.9000,true,1,147351
7290017864358,false,נענע ארוז רמי לוי,,,נענע ארוז רמי לוי,Unknown,1.00,יחידה,false,,4.90,4.9000,true,1,152216
7290017864365,false,פטרוזיליה ארוז רמי ל,,,פטרוזיליה ארוז רמי ל,Unknown,1.00,יחידה,false,,4.90,4.9000,true,1,152217
7290017864372,false,שמיר ארוז רמי לוי,,,שמיר ארוז רמי לוי,Unknown,1.00,יחידה,false,,4.90,4.9000,true,1,152218
7290017864389,false,כוסברה ארוז רמי לוי,,,כוסברה ארוז רמי לוי,Unknown,1.00,יחידה,false,,4.90,4.9000,true,1,152219
7290017864396,false,סלרי ארוז רמי לוי,,,סלרי ארוז רמי לוי,Unknown,1.00,יחידה,false,,6.90,6.9000,true,1,152220
7290017864419,false,שורש פטרוזיליה ארוז,,,שורש פטרוזיליה ארוז,Unknown,1.00,יחידה,false,,5.90,5.9000,true,1,152222
7290017864426,false,בצל ירוק רמי לוי,,,בצל ירוק רמי לוי,Unknown,1.00,יחידה,false,,6.90,6.9000,true,1,152223
7290017864457,false,סלרי ראש רמי לוי,,,סלרי ראש רמי לוי,Unknown,1.00,יחידה,false,,5.90,5.9000,true,1,152224
7290017871363,false,סבון ידיים עם שמן מק,,,סבון ידיים עם שמן מק,מיליליטרים,500.00,"100 מ""ל",false,,10.90,0.0218,true,1,151700
7290017888026,false,פרוט & וג' אננס תפוח,,,פרוט & וג' אננס תפוח,מיליליטרים,330.00,"100 מ""ל",false,,7.80,0.0236,true,1,144944
7290017888347,false,מי עדן ספורט 0.5 ליט,,,מי עדן ספורט 0.5 ליט,מיליליטרים,500.00,"100 מ""ל",false,,3.90,0.0078,true,1,154518
7290017888644,false,פרוט & ווג' אננס בננ,,,פרוט & ווג' אננס בננ,מיליליטרים,350.00,"100 מ""ל",false,,7.80,0.0223,true,1,156615
7290017928821,false,גריסיני קלאסי 200 גר,,,גריסיני קלאסי 200 גר,גרמים,200.00,100 גרם,false,,11.90,0.0595,true,1,145620
7290017947105,false,לחם סגנון אמריקה אנג,,,לחם סגנון אמריקה אנג,גרמים,500.00,100 גרם,false,,12.90,0.0258,true,1,147528
7290017947464,false,פיתות כוסמין אנג'ל 4,,,פיתות כוסמין אנג'ל 4,Unknown,8.00,יחידה,false,,14.90,1.8625,true,1,153984
7290017947495,false,לחמניות כוסמין 6 יחי,,,לחמניות כוסמין 6 יחי,Unknown,6.00,יחידה,false,,13.90,2.3167,true,1,154331
7290017947891,false,לחם כוסמין וחיטה מלא,,,לחם כוסמין וחיטה מלא,גרמים,750.00,100 גרם,false,,14.90,0.0199,true,1,152267
7290017947938,false,8 לחמניות המבורגר בס,,,8 לחמניות המבורגר בס,גרמים,400.00,100 גרם,false,,13.90,0.0348,true,1,156614
7290018192610,false,עגבניות שרי,עגבניות שרי 2 ב 15,,עגבניות שרי,Unknown,1.00,יחידה,false,,8.90,8.9000,true,1,151713
7290018192658,false,פטריות זוגות איטלקי,,,פטריות זוגות איטלקי,Unknown,1.00,יחידה,false,,17.90,17.9000,true,1,158237
7290018194454,false,סאפי לימונארק 16% 70,,,סאפי לימונארק 16% 70,מיליליטרים,700.00,"100 מ""ל",false,,49.90,0.0713,true,1,154458
7290018195345,false,"שמן קנולה ""טעים"" 1 ל",,,"שמן קנולה ""טעים"" 1 ל",מיליליטרים,1000.00,"100 מ""ל",false,,10.90,0.0109,true,1,158728
7290018282007,false,שמפו + ג'ל רחצה + סב,,,שמפו + ג'ל רחצה + סב,מיליליטרים,750.00,"100 מ""ל",false,,8.50,0.0113,true,1,153951
7290018294208,false,סלקטד אדום ישראלי 75,,,סלקטד אדום ישראלי 75,מיליליטרים,750.00,"100 מ""ל",false,,29.90,0.0399,true,1,156228
7290018440193,false,FLIPZ - בייגלה מצופה,,,FLIPZ - בייגלה מצופה,גרמים,140.00,100 גרם,false,,9.50,0.0679,true,1,153250
7290018440209,false,FLIPZ - בייגלה פאדג',,,FLIPZ - בייגלה פאדג',גרמים,140.00,100 גרם,false,,9.50,0.0679,true,1,153251
7290018440223,false,צ'אי מסאלה ויסוצקי 5,,,צ'אי מסאלה ויסוצקי 5,גרמים,50.00,100 גרם,false,,21.90,0.4380,true,1,156656
7290018440483,false,FLIPZ - בייגלה מצופה,,,FLIPZ - בייגלה מצופה,גרמים,140.00,100 גרם,false,,9.50,0.0679,true,1,154927
7290018440896,false,חליטת ג'ינג'ר וכורכו,,,חליטת ג'ינג'ר וכורכו,גרמים,50.00,100 גרם,false,,17.50,0.3500,true,1,157525
7290018443736,false,בייבי מיקס רמי לוי 1,,,בייבי מיקס רמי לוי 1,גרמים,150.00,100 גרם,false,,9.90,0.0660,true,1,156824
7290018443781,false,רוקט 150 ג' רמי לוי,,,רוקט 150 ג' רמי לוי,גרמים,150.00,100 גרם,false,,9.90,0.0660,true,1,156829
7290018468319,false,נקניקיה צמחית בסגנון,,,נקניקיה צמחית בסגנון,גרמים,400.00,100 גרם,false,,39.90,0.0997,true,1,159574
7290018471043,false,ספרינג נקטר פירות טר,,,ספרינג נקטר פירות טר,מיליליטרים,330.00,"100 מ""ל",false,,6.20,0.0188,true,1,162380
7290018471050,false,ספרינג נקטר אגס תפוח,,,ספרינג נקטר אגס תפוח,מיליליטרים,330.00,"100 מ""ל",false,,6.20,0.0188,true,1,162381
7290018471395,false,פרוט & ווג' תפוח רימ,,,פרוט & ווג' תפוח רימ,מיליליטרים,1000.00,"100 מ""ל",false,,13.20,0.0132,true,1,154505
7290018471692,false,ספרינג שייק בננה אננ,,,ספרינג שייק בננה אננ,מיליליטרים,1000.00,"100 מ""ל",false,,13.10,0.0131,true,1,154952
7290018471746,false,משקה אלוורה קינג קיו,,,משקה אלוורה קינג קיו,מיליליטרים,1000.00,"100 מ""ל",false,,12.20,0.0122,true,1,154956
7290018471906,false,שוופס מוגז פינק למונ,,,שוופס מוגז פינק למונ,מיליליטרים,1500.00,"100 מ""ל",false,,9.10,0.0061,true,1,157132
7290018471913,false,שוופס מוגז תפוחים 1.,,,שוופס מוגז תפוחים 1.,מיליליטרים,1500.00,"100 מ""ל",false,,9.30,0.0062,true,1,157133
7290018540329,false,פיתה פיתה באלדי אנג',,,פיתה פיתה באלדי אנג',Unknown,8.00,יחידה,false,,12.90,1.6125,true,1,153985
7290018564011,false,אפונת גינה 800 גרם ר,,,אפונת גינה 800 גרם ר,גרמים,800.00,100 גרם,false,,8.90,0.0111,true,1,154254
7290018564028,false,אפונה עדינה 600 גרם,,,אפונה עדינה 600 גרם,גרמים,600.00,100 גרם,false,,10.90,0.0182,true,1,154255
7290018564059,false,שעועית ירוקה שלמה עד,,,שעועית ירוקה שלמה עד,גרמים,600.00,100 גרם,false,,10.90,0.0182,true,1,154258
7290018564073,false,במיה 600 גרם רמי לוי,,,במיה 600 גרם רמי לוי,גרמים,600.00,100 גרם,false,,8.90,0.0148,true,1,154260
7290018564127,false,לקט לקוסקוס 800 גרם,,,לקט לקוסקוס 800 גרם,גרמים,800.00,100 גרם,false,,11.90,0.0149,true,1,154263
7290018564141,false,גרעיני חומוס מבושלים,,,גרעיני חומוס מבושלים,גרמים,800.00,100 גרם,false,,9.90,0.0124,true,1,154265
7290018564165,false,כרובית 800 גרם רמי ל,,,כרובית 800 גרם רמי ל,גרמים,800.00,100 גרם,false,,9.90,0.0124,true,1,154267
7290018564172,false,ברוקולי 800 גרם רמי,,,ברוקולי 800 גרם רמי,גרמים,800.00,100 גרם,false,,14.90,0.0186,true,1,154268
7290018564202,false,לקט ירקות למרק 800 ג,,,לקט ירקות למרק 800 ג,גרמים,800.00,100 גרם,false,,11.90,0.0149,true,1,154270
7290018564585,false,ירקות כבושים חמוץ מת,,,ירקות כבושים חמוץ מת,גרמים,500.00,100 גרם,false,,22.90,0.0458,true,1,155876
7290018720011,false,מעדני מלך- קרנבל חיו,,,מעדני מלך- קרנבל חיו,גרמים,250.00,100 גרם,false,,6.90,0.0276,true,1,154070
7290018720028,false,מעדני מלך- אותיות 25,,,מעדני מלך- אותיות 25,גרמים,250.00,100 גרם,false,,6.90,0.0276,true,1,154071
7290018720103,false,וופל ללא סוכר מעדני,,,וופל ללא סוכר מעדני,גרמים,250.00,100 גרם,false,,8.90,0.0356,true,1,156478
7290018720110,false,עוגיות ממולאות בקרם,,,עוגיות ממולאות בקרם,גרמים,150.00,100 גרם,false,,6.90,0.0460,true,1,156128
7290018732205,false,אוכמניות יחידה,,,אוכמניות יחידה,גרמים,125.00,100 גרם,false,,19.90,0.1592,true,1,160044
7290018825013,false,"תפו""א אדום תפזורת",3 יחידות,,"תפו""א אדום תפזורת",קילוגרמים,1.00,"ק""ג",true,,4.90,4.9000,true,1,161619
7290018825211,false,"תפו""א לבן תפזורת",3 יחידות,,"תפו""א לבן תפזורת",קילוגרמים,1.00,"ק""ג",true,,4.90,4.9000,true,1,161620
7290018893005,false,צ'וקטה בייגלה שטוח ח,,,צ'וקטה בייגלה שטוח ח,גרמים,160.00,100 גרם,false,,6.90,0.0431,true,1,156835
7290018893081,false,צ'וקטה עוגות אישיות,,,צ'וקטה עוגות אישיות,גרמים,222.00,100 גרם,false,,8.90,0.0401,true,1,156777
7290018893098,false,ביסקוויט מצופה שוקול,,,ביסקוויט מצופה שוקול,גרמים,100.00,100 גרם,false,,6.90,0.0690,true,1,157682
7290018893104,false,ביסקוויט מצופה שוקול,,,ביסקוויט מצופה שוקול,גרמים,100.00,100 גרם,false,,6.90,0.0690,true,1,157683
7290018893258,false,צ'וקטה עוגות אישיות,,,צ'וקטה עוגות אישיות,גרמים,300.00,100 גרם,false,,11.90,0.0397,true,1,156150
7290018893852,false,צ'וקטה בייגלה בתוספת,,,צ'וקטה בייגלה בתוספת,גרמים,200.00,100 גרם,false,,6.90,0.0345,true,1,156784
7290018894002,false,בלקוני וופל קוביות ק,,,בלקוני וופל קוביות ק,גרמים,250.00,100 גרם,false,,11.90,0.0476,true,1,158194
7290018894200,false,בלקוני וופל קוביות ו,,,בלקוני וופל קוביות ו,גרמים,250.00,100 גרם,false,,11.90,0.0476,true,1,158196
7290018894408,false,בלקוני וופל קוביות א,,,בלקוני וופל קוביות א,גרמים,250.00,100 גרם,false,,11.90,0.0476,true,1,158198
7290018972113,false,ברוקולי מצופה תומר 5,,,ברוקולי מצופה תומר 5,גרמים,500.00,100 גרם,false,,29.90,0.0598,true,1,159351
7290018972618,false,תומר תמר מגהול לח קפ,,,תומר תמר מגהול לח קפ,גרמים,1000.00,100 גרם,false,,19.90,0.0199,true,1,159357
7290019044000,false,"תפו""א לבן ארוז",,,"תפו""א לבן ארוז",קילוגרמים,1.00,"ק""ג",true,,5.90,5.9000,true,1,156511
7290019056065,false,שוופס מוגז עדין פירו,,,שוופס מוגז עדין פירו,מיליליטרים,1500.00,"100 מ""ל",false,,8.80,0.0059,true,1,157137
7290019056096,false,שוופס מוגז עדין אפרס,,,שוופס מוגז עדין אפרס,מיליליטרים,1500.00,"100 מ""ל",false,,8.80,0.0059,true,1,157139
7290019056164,false,רביעית שוופס סודה 1.,,,רביעית שוופס סודה 1.,מיליליטרים,1500.00,"100 מ""ל",false,,12.10,0.0081,true,1,157140
7290019056232,false,שוופס ליים מוחיטו 1.,,,שוופס ליים מוחיטו 1.,מיליליטרים,1500.00,"100 מ""ל",false,,9.10,0.0061,true,1,157144
7290019056256,false,מים בטעם תפוח שוופס,,,מים בטעם תפוח שוופס,מיליליטרים,1500.00,"100 מ""ל",false,,8.20,0.0055,true,1,159183
7290019056263,false,מים בטעם אפרסק שוופס,,,מים בטעם אפרסק שוופס,מיליליטרים,1500.00,"100 מ""ל",false,,8.20,0.0055,true,1,157146
7290019056355,false,תפוזינה לימונענע 1.5,,,תפוזינה לימונענע 1.5,מיליליטרים,1500.00,"100 מ""ל",false,,9.60,0.0064,true,1,157152
7290019056379,false,תפוזינה תפוזים 1.5 ל,,,תפוזינה תפוזים 1.5 ל,מיליליטרים,1500.00,"100 מ""ל",false,,9.60,0.0064,true,1,157153
7290019056478,false,ספרינג תה אפרסק 1.5,,,ספרינג תה אפרסק 1.5,מיליליטרים,1500.00,"100 מ""ל",false,,8.80,0.0059,true,1,157155
7290019056485,false,ספרינג תה ירוק לימון,,,ספרינג תה ירוק לימון,מיליליטרים,1500.00,"100 מ""ל",false,,8.20,0.0055,true,1,157156
7290019056522,false,משקה בטעם תות פרוט ו,,,משקה בטעם תות פרוט ו,מיליליטרים,1500.00,"100 מ""ל",false,,8.80,0.0059,true,1,157158
7290019056553,false,מים מינרלים עין גדי,,,מים מינרלים עין גדי,קילוגרמים,12.00,ליטר,false,,13.80,1.1500,true,1,157160
7290019056560,false,עין גדי 2 ליטר בקבוק,,,עין גדי 2 ליטר בקבוק,מיליליטרים,2000.00,"100 מ""ל",false,,3.80,0.0019,true,1,157877
7290019056577,false,ספרינג מנגו 1.5 ליטר,,,ספרינג מנגו 1.5 ליטר,מיליליטרים,1500.00,"100 מ""ל",false,,9.40,0.0063,true,1,157016
7290019056584,false,משקה קל תפוזים ספרינ,,,משקה קל תפוזים ספרינ,מיליליטרים,1500.00,"100 מ""ל",false,,9.40,0.0063,true,1,157161
7290019056591,false,ספרינג ענבים 1.5 ליט,,,ספרינג ענבים 1.5 ליט,מיליליטרים,1500.00,"100 מ""ל",false,,9.40,0.0063,true,1,157162
7290019056621,false,ספרינג פירות טרופיים,,,ספרינג פירות טרופיים,מיליליטרים,1500.00,"100 מ""ל",false,,9.40,0.0063,true,1,157164
7290019056638,false,ספרינג תות בננה 1.5,,,ספרינג תות בננה 1.5,מיליליטרים,1500.00,"100 מ""ל",false,,9.40,0.0063,true,1,157165
7290019056652,false,ספרינג אננס בננה 1.5,,,ספרינג אננס בננה 1.5,מיליליטרים,1500.00,"100 מ""ל",false,,9.40,0.0063,true,1,157167
7290019056669,false,ספרינג תפוחים לייט 1,,,ספרינג תפוחים לייט 1,מיליליטרים,1500.00,"100 מ""ל",false,,8.20,0.0055,true,1,157168
7290019056942,false,עין גדי 2 ליטר בקבוק,,,עין גדי 2 ליטר בקבוק,מיליליטרים,2000.00,"100 מ""ל",false,,3.80,0.0019,true,1,157878
7290019056959,false,מי עדן 1.5 ליטר,,,מי עדן 1.5 ליטר,מיליליטרים,1500.00,"100 מ""ל",false,,4.50,0.0030,true,1,157879
7290019056966,false,מי עדן 1.5 ליטר,,,מי עדן 1.5 ליטר,מיליליטרים,1500.00,"100 מ""ל",false,,4.50,0.0030,true,1,157880
7290019056973,false,מים מינרליים מי עדן,,,מים מינרליים מי עדן,מיליליטרים,9000.00,"100 מ""ל",false,,14.70,0.0016,true,1,157169
7290019153085,false,שוופס מוחיטו ללא סוכ,,,שוופס מוחיטו ללא סוכ,מיליליטרים,1500.00,"100 מ""ל",false,,8.90,0.0059,true,1,158400
7290019167020,false,עוגת גבינה עם פירות,,,עוגת גבינה עם פירות,גרמים,80.00,100 גרם,false,,6.90,0.0863,true,1,161665
7290019167037,false,תותים בקצפת עדן 82 ג,,,תותים בקצפת עדן 82 ג,גרמים,82.00,100 גרם,false,,6.90,0.0841,true,1,161666
7290019297161,false,טורטיה ראפ מקמח תירס,,,טורטיה ראפ מקמח תירס,גרמים,450.00,100 גרם,false,,9.90,0.0220,true,1,154610
7290019297239,false,צימוק חום 330 גר' קו,,,צימוק חום 330 גר' קו,גרמים,330.00,100 גרם,false,,12.90,0.0391,true,1,159479
7290019297628,false,שקד טבעי 150 גרם ששו,,,שקד טבעי 150 גרם ששו,גרמים,150.00,100 גרם,false,,13.90,0.0927,true,1,154613
7290019297642,false,גרעין שחור קלוי ללא,,,גרעין שחור קלוי ללא,גרמים,150.00,100 גרם,false,,4.90,0.0327,true,1,161778
7290100240137,false,בדין תרסיס למייבש כב,,,בדין תרסיס למייבש כב,מיליליטרים,500.00,"100 מ""ל",false,,16.90,0.0338,true,1,144857
7290100240656,false,פתית שיפון 300 גרם,,,פתית שיפון 300 גרם,גרמים,300.00,100 גרם,false,,14.90,0.0497,true,1,144858
7290100243671,false,מרכך כביסה מרוכז כחו,,,מרכך כביסה מרוכז כחו,מיליליטרים,960.00,"100 מ""ל",false,,15.90,0.0166,true,1,139643
7290100245231,false,נמס בכוס עוף עם אטרי,,,נמס בכוס עוף עם אטרי,גרמים,50.00,100 גרם,false,,6.50,0.1300,true,1,140461
7290100246368,true,מפעל-רוטב אלף האיים,,,מפעל-רוטב אלף האיים,,0.00,,false,,2999.90,0.0000,true,1,137239
7290100410868,true,ליסטרין קולמינט 95 מ,,,ליסטרין קולמינט 95 מ,,0.00,,false,,5.00,0.0000,true,1,133101
7290100680711,false,פירורי לחם מוזהבים פ,,,פירורי לחם מוזהבים פ,גרמים,350.00,100 גרם,false,,7.90,0.0226,true,1,139860
7290100680728,false,פירורי לחם לבנים פיר,,,פירורי לחם לבנים פיר,גרמים,350.00,100 גרם,false,,6.90,0.0197,true,1,144246
7290100681015,false,פודינג אינסטנט בטעם,,,פודינג אינסטנט בטעם,גרמים,84.00,100 גרם,false,,4.90,0.0583,true,1,148223
7290100681138,false,מארז 3 אפרופו 50 גרם,,,מארז 3 אפרופו 50 גרם,גרמים,150.00,100 גרם,false,,12.90,0.0860,true,1,136429
7290100683392,true,"טייסטרס צ""ויס 50 גרם",,,"טייסטרס צ""ויס 50 גרם",,0.00,,false,,5.00,0.0000,true,1,135019
7290100684139,false,פסטה מיני מקרוני 500,,,פסטה מיני מקרוני 500,גרמים,500.00,100 גרם,false,,5.90,0.0118,true,1,144249
7290100685136,false,מרק בטעם עוף פרווה כ,,,מרק בטעם עוף פרווה כ,גרמים,1000.00,100 גרם,false,,12.90,0.0129,true,1,148539
7290100685341,false,מרק בטעם עוף זך מרכי,,,מרק בטעם עוף זך מרכי,גרמים,400.00,100 גרם,false,,15.90,0.0398,true,1,141137
7290100687109,false,במבה במילוי קרם נוגט,,,במבה במילוי קרם נוגט,גרמים,60.00,100 גרם,false,,4.30,0.0717,true,1,139190
7290100700020,false,גריסי פנינה סוגת 500,,,גריסי פנינה סוגת 500,גרמים,500.00,100 גרם,false,,5.90,0.0118,true,1,146771
7290100700273,false,קינואה סוגת 500 גרם,,,קינואה סוגת 500 גרם,גרמים,500.00,100 גרם,false,,13.90,0.0278,true,1,136142
7290100700396,false,אורז יסמין קלאסי סוג,,,אורז יסמין קלאסי סוג,גרמים,1000.00,100 גרם,false,,11.80,0.0118,true,1,136143
7290100700587,false,בורגול סוגת 500 גרם,,,בורגול סוגת 500 גרם,גרמים,500.00,100 גרם,false,,5.90,0.0118,true,1,132485
7290100702994,false,סוכר דמררה בשקית סוג,,,סוכר דמררה בשקית סוג,גרמים,500.00,100 גרם,false,,5.90,0.0118,true,1,133470
7290100808503,true,"תמר מג""עול 200 גרם",,,"תמר מג""עול 200 גרם",,0.00,,false,,5.00,0.0000,true,1,133070
7290100822531,true,פלסטרים 100 יחידות,,,פלסטרים 100 יחידות,,0.00,,false,,5.00,0.0000,true,1,132520
7290100858592,false,שקית קקאו עלית 150 ג,,,שקית קקאו עלית 150 ג,גרמים,150.00,100 גרם,false,,8.90,0.0593,true,1,140122
7290100924723,true,"ג""ל נתלה לאסלה 50 מ""",,,"ג""ל נתלה לאסלה 50 מ""",,0.00,,false,,5.00,0.0000,true,1,135783
7290100924730,true,"ג""ל נתלה לאסלה 50 מ""",,,"ג""ל נתלה לאסלה 50 מ""",,0.00,,false,,5.00,0.0000,true,1,135784
7290100926147,false,פרסיל קולור אבקת כבי,,,פרסיל קולור אבקת כבי,גרמים,2500.00,100 גרם,false,,24.90,0.0100,true,1,148278
7290101112723,true,מנבו 3 יחידות,,,מנבו 3 יחידות,,0.00,,false,,5.00,0.0000,true,1,135766
7290101113546,false,טילון יולו קטן שוקול,,,טילון יולו קטן שוקול,גרמים,80.00,100 גרם,false,,5.90,0.0738,true,1,160062
7290101482208,true,משקה אורז אורגני 1 ל,,,משקה אורז אורגני 1 ל,,0.00,,false,,5.00,0.0000,true,1,134971
7290101484080,true,משקה אורז בטעם וניל,,,משקה אורז בטעם וניל,,0.00,,false,,5.00,0.0000,true,1,135023
7290101486688,false,חטיף דגנים עם שוקולד,,,חטיף דגנים עם שוקולד,גרמים,100.00,100 גרם,false,,16.90,0.1690,true,1,141955
7290101501176,false,פלפלונים רמי לוי,,,פלפלונים רמי לוי,Unknown,1.00,יחידה,false,,9.90,9.9000,true,1,146416
7290101501305,false,מלפפון בייבי רמי לוי,,,מלפפון בייבי רמי לוי,Unknown,1.00,יחידה,false,,9.90,9.9000,true,1,146417
7290101551027,false,קפסולות 14 למכונות N,,,קפסולות 14 למכונות N,Unknown,10.00,יחידה,false,,15.90,1.5900,true,1,143289
7290101551539,false,דנונה פרו 20 גר אפרס,,,דנונה פרו 20 גר אפרס,גרמים,200.00,100 גרם,false,,5.90,0.0295,true,1,142164
7290101551584,false,מארז תפוצ'יפס קידס 1,,,מארז תפוצ'יפס קידס 1,גרמים,200.00,100 גרם,false,,12.90,0.0645,true,1,143350
7290101551638,false,מארז ציטוס כאפה 10*2,,,מארז ציטוס כאפה 10*2,גרמים,200.00,100 גרם,false,,12.90,0.0645,true,1,143354
7290101864127,false,ספריי להסרת כתמים או,,,ספריי להסרת כתמים או,מיליליטרים,750.00,"100 מ""ל",false,,17.90,0.0239,true,1,145265
7290101920038,true,מפעל-סולו אקונומיקה,,,מפעל-סולו אקונומיקה,,0.00,,false,,2999.90,0.0000,true,1,137705
7290101920359,true,אשפתון 75/90 שחור50,,,אשפתון 75/90 שחור50,,0.00,,false,,0.00,0.0000,true,1,134852
7290101921226,true,קופיקס - כפפות ניילו,,,קופיקס - כפפות ניילו,,0.00,,false,,0.00,0.0000,true,1,134853
7290102030330,false,תפוצ'פס קראנצ מקסיקנ,,,תפוצ'פס קראנצ מקסיקנ,גרמים,200.00,100 גרם,false,,9.90,0.0495,true,1,140664
7290102031276,false,אקטימל תות בננה 8*10,,,אקטימל תות בננה 8*10,מיליליטרים,800.00,"100 מ""ל",false,,19.90,0.0249,true,1,140879
7290102138260,true,צילון מתקפל לרכב,,,צילון מתקפל לרכב,,0.00,,false,,5.00,0.0000,true,1,137430
7290102390427,false,יוגורט ביו פרופ קציפ,,,יוגורט ביו פרופ קציפ,מיליליטרים,150.00,"100 מ""ל",false,,4.80,0.0320,true,1,145185
7290102391844,false,יוגורט ביו פרופ קציפ,,,יוגורט ביו פרופ קציפ,מיליליטרים,150.00,"100 מ""ל",false,,4.80,0.0320,true,1,145187
7290102392094,false,חלב עיזים בקרטון 1 ל,,,חלב עיזים בקרטון 1 ל,מיליליטרים,1000.00,"100 מ""ל",false,,14.90,0.0149,true,1,145188
7290102392254,false,חלב בקרטון 2 ליטר- 1,,,חלב בקרטון 2 ליטר- 1,מיליליטרים,2000.00,"100 מ""ל",false,,11.18,0.0056,true,1,160780
7290102393039,false,יוגורט מיקס פצפוצי ש,,,יוגורט מיקס פצפוצי ש,גרמים,170.00,100 גרם,false,,5.90,0.0347,true,1,136210
7290102393060,false,יוגורט מיקס גלילי וו,,,יוגורט מיקס גלילי וו,גרמים,170.00,100 גרם,false,,5.90,0.0347,true,1,136211
7290102393848,false,יוגורט עיזים עם תות,,,יוגורט עיזים עם תות,מיליליטרים,150.00,"100 מ""ל",false,,6.10,0.0407,true,1,144963
7290102394821,false,פרוסות גבינה צהובה 2,,,פרוסות גבינה צהובה 2,גרמים,200.00,100 גרם,false,,15.20,0.0760,true,1,143724
7290102394845,false,פרוסות גבינה צהובה 9,,,פרוסות גבינה צהובה 9,גרמים,200.00,100 גרם,false,,17.00,0.0850,true,1,143725
7290102395446,false,מוו וניל וקצפת 123 ג,,,מוו וניל וקצפת 123 ג,גרמים,123.00,100 גרם,false,,2.90,0.0236,true,1,152087
7290102395477,false,מוו שוקולד קצפת 123,,,מוו שוקולד קצפת 123,גרמים,123.00,100 גרם,false,,2.90,0.0236,true,1,152088
7290102396436,false,מוו מעדן חלב שוקולד,,,מוו מעדן חלב שוקולד,גרמים,125.00,100 גרם,false,,2.90,0.0232,true,1,136218
7290102396443,false,מוו מעדן חלב וניל 1.,,,מוו מעדן חלב וניל 1.,גרמים,125.00,100 גרם,false,,2.90,0.0232,true,1,152332
7290102396580,false,מעדן מוו שוקולד ומוס,,,מעדן מוו שוקולד ומוס,גרמים,118.00,100 גרם,false,,2.90,0.0246,true,1,136219
7290102396597,false,מעדן מוו וניל ומוס ש,,,מעדן מוו וניל ומוס ש,גרמים,118.00,100 גרם,false,,2.90,0.0246,true,1,136220
7290102397204,false,פרוסות גבינה צהובה 2,,,פרוסות גבינה צהובה 2,גרמים,200.00,100 גרם,false,,15.20,0.0760,true,1,143728
7290102397464,false,יוגורט ביו נטורל פקא,,,יוגורט ביו נטורל פקא,גרמים,170.00,100 גרם,false,,5.90,0.0347,true,1,150477
7290102397600,false,יוגורט ביו מיקס שקדי,,,יוגורט ביו מיקס שקדי,גרמים,170.00,100 גרם,false,,5.90,0.0347,true,1,136226
7290102397679,false,קוטג' וחצי 5% 375 גר,,,קוטג' וחצי 5% 375 גר,גרמים,375.00,100 גרם,false,,7.70,0.0205,true,1,154461
7290102397891,false,גבינה מותכת 100 גרם,,,גבינה מותכת 100 גרם,גרמים,100.00,100 גרם,false,,6.90,0.0690,true,1,145192
7290102398560,false,שוקו טרה מועשר בבקבו,,,שוקו טרה מועשר בבקבו,מיליליטרים,1000.00,"100 מ""ל",false,,11.90,0.0119,true,1,144994
7290102399789,false,ממרח חמאה מולר ללא מ,,,ממרח חמאה מולר ללא מ,גרמים,250.00,100 גרם,false,,17.90,0.0716,true,1,148324
7290102399802,false,יוגורט ביו 20 גרם חל,,,יוגורט ביו 20 גרם חל,גרמים,200.00,100 גרם,false,,6.20,0.0310,true,1,148326
7290102399819,false,יוגורט ביו 20 גרם חל,,,יוגורט ביו 20 גרם חל,גרמים,200.00,100 גרם,false,,6.20,0.0310,true,1,148327
7290103401429,false,קפה פלטינום ברזילאי,,,קפה פלטינום ברזילאי,גרמים,200.00,100 גרם,false,,24.90,0.1245,true,1,145106
7290103404758,false,סלט כרוב אחלה 120 גר,,,סלט כרוב אחלה 120 גר,גרמים,120.00,100 גרם,false,,4.70,0.0392,true,1,142911
7290103702533,false,מגבות נייר כפול 6 יח,,,מגבות נייר כפול 6 יח,Unknown,6.00,יחידה,false,,19.90,3.3167,true,1,145337
7290103702540,false,נייר טואלט כדור פורח,,,נייר טואלט כדור פורח,Unknown,30.00,יחידה,false,,24.90,0.8300,true,1,162419
7290103702939,false,נייר טואלט רמי לוי 1,,,נייר טואלט רמי לוי 1,Unknown,16.00,יחידה,false,,28.90,1.8062,true,1,143113
7290103703585,false,נ.טואלט תלת שכבתי 32,,,נ.טואלט תלת שכבתי 32,Unknown,32.00,יחידה,false,,42.90,1.3406,true,1,145338
7290103704162,false,נייר טואלט טאצ' 32 י,,,נייר טואלט טאצ' 32 י,Unknown,32.00,יחידה,false,,31.90,0.9969,true,1,154237
7290104008955,true,חומץ בלסמי 0.5 ליטר,,,חומץ בלסמי 0.5 ליטר,,0.00,,false,,5.00,0.0000,true,1,133059
7290104061417,false,סלט חומוס וטחינה אחל,,,סלט חומוס וטחינה אחל,גרמים,400.00,100 גרם,false,,9.90,0.0248,true,1,142912
7290104061424,false,סלט חומוס וזעתר אחלה,,,סלט חומוס וזעתר אחלה,גרמים,400.00,100 גרם,false,,9.90,0.0248,true,1,142167
7290104061431,false,חומוס עם צנובר אחלה,,,חומוס עם צנובר אחלה,גרמים,400.00,100 גרם,false,,9.90,0.0248,true,1,142913
7290104066566,false,טחינה 500 גרם,,,טחינה 500 גרם,גרמים,500.00,100 גרם,false,,13.90,0.0278,true,1,142168
7290104068539,false,מאסט מלון אבטיח כשלפ,,,מאסט מלון אבטיח כשלפ,גרמים,28.00,100 גרם,false,,4.50,0.1607,true,1,134324
7290104068546,false,מאסט קולה לימון ללא,,,מאסט קולה לימון ללא,גרמים,28.00,100 גרם,false,,4.50,0.1607,true,1,134325
7290104504228,false,דובונים חטיף תפוחי א,,,דובונים חטיף תפוחי א,גרמים,100.00,100 גרם,false,,12.90,0.1290,true,1,136430
7290104508189,false,גביע גלידה ממותקים א,,,גביע גלידה ממותקים א,Unknown,24.00,יחידה,false,,12.50,0.5208,true,1,147440
7290104570513,false,"תמר מג'הול 1 ק""ג",,,"תמר מג'הול 1 ק""ג",גרמים,1000.00,100 גרם,false,,19.90,0.0199,true,1,140727
7290104722530,false,תפוציפס שמנת בצל 200,,,תפוציפס שמנת בצל 200,גרמים,200.00,100 גרם,false,,9.90,0.0495,true,1,140665
7290105360250,false,קפסולות 09 למכונות N,,,קפסולות 09 למכונות N,Unknown,10.00,יחידה,false,,15.90,1.5900,true,1,152037
7290105360878,false,תפוצ'יפס טבעי עלית 4,,,תפוצ'יפס טבעי עלית 4,גרמים,200.00,100 גרם,false,,11.90,0.0595,true,1,140856
7290105362339,false,שמנת לבישול 15% יטבת,,,שמנת לבישול 15% יטבת,מיליליטרים,250.00,"100 מ""ל",false,,7.90,0.0316,true,1,142175
7290105363602,false,כיף כף מקלות קלאסי 4,,,כיף כף מקלות קלאסי 4,גרמים,40.00,100 גרם,false,,4.90,0.1225,true,1,138487
7290105364302,false,כיף כף מקלות אגוזים,,,כיף כף מקלות אגוזים,גרמים,40.00,100 גרם,false,,4.90,0.1225,true,1,138489
7290105366047,false,טחינה לבנה 400 גר,,,טחינה לבנה 400 גר,גרמים,400.00,100 גרם,false,,15.90,0.0398,true,1,142917
7290105366993,false,גבינת סימפוניה פילפל,,,גבינת סימפוניה פילפל,גרמים,200.00,100 גרם,false,,10.40,0.0520,true,1,142177
7290105368331,false,מילקי תות שטראוס 133,,,מילקי תות שטראוס 133,גרמים,133.00,100 גרם,false,,2.70,0.0203,true,1,140881
7290105368928,false,שמנת %9 מהדרין יטבתה,,,שמנת %9 מהדרין יטבתה,גרמים,200.00,100 גרם,false,,2.90,0.0145,true,1,142920
7290105438539,false,"נייר אפייה 42*37 ס""מ",,,"נייר אפייה 42*37 ס""מ",Unknown,40.00,יחידה,false,,9.90,0.2475,true,1,140364
7290105439581,false,חרדל דיז'ון צרפתי מא,,,חרדל דיז'ון צרפתי מא,גרמים,370.00,100 גרם,false,,10.90,0.0295,true,1,149754
7290105500625,true,"ג""ין בומביי ספייר70",,,"ג""ין בומביי ספייר70",,0.00,,false,,0.00,0.0000,true,1,138762
7290105690739,true,מרק נמס עגבניות עם א,,,מרק נמס עגבניות עם א,,0.00,,false,,5.00,0.0000,true,1,132416
7290105691224,false,אסם חטיפי פריכונים ט,,,אסם חטיפי פריכונים ט,גרמים,60.00,100 גרם,false,,6.90,0.1150,true,1,143409
7290105691934,false,קמח שמרים אסם 1 קילו,,,קמח שמרים אסם 1 קילו,גרמים,1000.00,100 גרם,false,,9.90,0.0099,true,1,139861
7290105693341,false,חטיף בוטנים במבה 10*,,,חטיף בוטנים במבה 10*,גרמים,250.00,100 גרם,false,,13.90,0.0556,true,1,143554
7290105693457,false,הבית עוגת דמקה שוקו,,,הבית עוגת דמקה שוקו,גרמים,320.00,100 גרם,false,,10.90,0.0341,true,1,144255
7290105695024,false,אסם פתיתים אפויים או,,,אסם פתיתים אפויים או,גרמים,500.00,100 גרם,false,,6.90,0.0138,true,1,142533
7290105695321,false,הבית עוגת בראוניס פא,,,הבית עוגת בראוניס פא,גרמים,350.00,100 גרם,false,,14.90,0.0426,true,1,144257
7290105962331,false,סחוג חריף מאד זהבי 2,,,סחוג חריף מאד זהבי 2,גרמים,220.00,100 גרם,false,,10.90,0.0495,true,1,142182
7290105964564,false,סלט חומוס אחלה 400 ג,,,סלט חומוס אחלה 400 ג,גרמים,400.00,100 גרם,false,,8.50,0.0213,true,1,142921
7290105966469,false,חומץ בלסמי יד מרדכי,,,חומץ בלסמי יד מרדכי,מיליליטרים,287.00,"100 מ""ל",false,,13.90,0.0484,true,1,142009
7290105968777,false,פריכיות 5 דגנים תחתי,,,פריכיות 5 דגנים תחתי,גרמים,70.00,100 גרם,false,,7.50,0.1071,true,1,153240
7290106410251,true,"ג""לי בינס 100 גרם",,,"ג""לי בינס 100 גרם",,0.00,,false,,5.00,0.0000,true,1,132388
7290106411524,true,ממתק חמוץ ומסוכר בטע,,,ממתק חמוץ ומסוכר בטע,,0.00,,false,,5.00,0.0000,true,1,132391
7290106411890,true,ממתק שטיח בטעם קולה,,,ממתק שטיח בטעם קולה,,0.00,,false,,5.00,0.0000,true,1,135145
7290106411913,true,ממתק חמוץ ומסוכר בטע,,,ממתק חמוץ ומסוכר בטע,,0.00,,false,,5.00,0.0000,true,1,132392
7290106411937,true,ממתק חמוץ ומסוכר בטע,,,ממתק חמוץ ומסוכר בטע,,0.00,,false,,5.00,0.0000,true,1,132393
7290106411999,true,ממתק חמוץ ומסוכר בטע,,,ממתק חמוץ ומסוכר בטע,,0.00,,false,,5.00,0.0000,true,1,134984
7290106414051,true,סוכריות גומי דובונים,,,סוכריות גומי דובונים,,0.00,,false,,5.00,0.0000,true,1,132556
7290106415508,true,מטבעות שוקולד,,,מטבעות שוקולד,,0.00,,false,,5.00,0.0000,true,1,133433
7290106520066,false,רבע לשבע קרם אגוזים,,,רבע לשבע קרם אגוזים,גרמים,160.00,100 גרם,false,,10.00,0.0625,true,1,140127
7290106520912,false,שמנת לבישול 9% יטבתה,,,שמנת לבישול 9% יטבתה,מיליליטרים,250.00,"100 מ""ל",false,,7.60,0.0304,true,1,142186
7290106524439,false,תפוצ'יפס פופס 60 גרם,,,תפוצ'יפס פופס 60 גרם,גרמים,60.00,100 גרם,false,,3.50,0.0583,true,1,139172
7290106525320,false,שוקולית לאפיה 500 גר,,,שוקולית לאפיה 500 גר,גרמים,500.00,100 גרם,false,,14.90,0.0298,true,1,142010
7290106525382,false,קפה טורקי עלית 125 ג,,,קפה טורקי עלית 125 ג,גרמים,125.00,100 גרם,false,,9.90,0.0792,true,1,141085
7290106526822,false,פריכיות אורז חום מלא,,,פריכיות אורז חום מלא,גרמים,80.00,100 גרם,false,,8.00,0.1000,true,1,140128
7290106528628,false,דוריטוס טבעי 185 גרם,,,דוריטוס טבעי 185 גרם,גרמים,185.00,100 גרם,false,,6.90,0.0373,true,1,140714
7290106572027,false,לחמית חמישה דגנים 19,,,לחמית חמישה דגנים 19,גרמים,190.00,100 גרם,false,,7.90,0.0416,true,1,144260
7290106572065,false,חטיפי טורטיה תירס בט,,,חטיפי טורטיה תירס בט,גרמים,60.00,100 גרם,false,,6.90,0.1150,true,1,144261
7290106572997,false,קמח שמרים לפיצה ופוק,,,קמח שמרים לפיצה ופוק,גרמים,1000.00,100 גרם,false,,8.90,0.0089,true,1,148550
7290106573277,false,אסם קריספי טאפאס זית,,,אסם קריספי טאפאס זית,גרמים,150.00,100 גרם,false,,10.90,0.0727,true,1,144262
7290106573314,false,אסם קריספי טאפאס כפר,,,אסם קריספי טאפאס כפר,גרמים,150.00,100 גרם,false,,11.90,0.0793,true,1,144263
7290106574793,false,עוגת הבית שוקו שוקוצ,,,עוגת הבית שוקו שוקוצ,גרמים,350.00,100 גרם,false,,10.90,0.0311,true,1,144267
7290106574953,false,בייגלה שטוחים שומשום,,,בייגלה שטוחים שומשום,גרמים,300.00,100 גרם,false,,9.90,0.0330,true,1,147453
7290106574977,false,בייגלה כעכים שטוחים,,,בייגלה כעכים שטוחים,גרמים,300.00,100 גרם,false,,9.90,0.0330,true,1,139865
7290106575431,false,עוגת הבית סופלה בטעם,,,עוגת הבית סופלה בטעם,גרמים,340.00,100 גרם,false,,10.90,0.0321,true,1,144270
7290106578692,false,במבה ביסלי מיקס 80 ג,,,במבה ביסלי מיקס 80 ג,גרמים,80.00,100 גרם,false,,4.30,0.0537,true,1,148153
7290106653504,false,בוטנים אמריקאים ברבי,,,בוטנים אמריקאים ברבי,גרמים,50.00,100 גרם,false,,2.90,0.0580,true,1,137030
7290106655638,true,דוריטוס נאפוליטנה סו,,,דוריטוס נאפוליטנה סו,,0.00,,false,,5.00,0.0000,true,1,134224
7290106658707,true,מארז 4 אקטיביה 0% או,,,מארז 4 אקטיביה 0% או,,0.00,,false,,0.00,0.0000,true,1,134667
7290106663121,false,מילקי קייק 34 גרם,,,מילקי קייק 34 גרם,גרמים,34.00,100 גרם,false,,2.90,0.0853,true,1,134327
7290106663183,false,ציטוס קראצ בטעם גבינ,,,ציטוס קראצ בטעם גבינ,גרמים,65.00,100 גרם,false,,3.50,0.0538,true,1,139170
7290106663503,false,קונפיטורת תות שדה לי,,,קונפיטורת תות שדה לי,גרמים,230.00,100 גרם,false,,13.90,0.0604,true,1,142013
7290106664067,false,לאבנה שמן זית וזעתר,,,לאבנה שמן זית וזעתר,גרמים,400.00,100 גרם,false,,14.90,0.0373,true,1,142190
7290106664500,true,דוריטוס ברביקיו באטמ,,,דוריטוס ברביקיו באטמ,,0.00,,false,,5.00,0.0000,true,1,134225
7290106667266,false,דוריטוס חמוץ חריף 18,,,דוריטוס חמוץ חריף 18,גרמים,185.00,100 גרם,false,,6.90,0.0373,true,1,140666
7290106668133,false,שוקולית בשקית 400 גר,,,שוקולית בשקית 400 גר,גרמים,400.00,100 גרם,false,,10.90,0.0273,true,1,136310
7290106668577,false,מיץ לימון טבעי 250 מ,,,מיץ לימון טבעי 250 מ,מיליליטרים,250.00,"100 מ""ל",false,,7.90,0.0316,true,1,140568
7290106668713,false,דנונה פירות יער 3% 1,,,דנונה פירות יער 3% 1,גרמים,150.00,100 גרם,false,,3.50,0.0233,true,1,142194
7290106669857,false,קפסולות וניל למכונות,,,קפסולות וניל למכונות,Unknown,10.00,יחידה,false,,17.90,1.7900,true,1,152040
7290106724488,false,יוגורט דנונה ביו 1.7,,,יוגורט דנונה ביו 1.7,גרמים,150.00,100 גרם,false,,2.60,0.0173,true,1,132825
7290106725867,false,סירופ מייפל טבעי 189,,,סירופ מייפל טבעי 189,מיליליטרים,189.00,"100 מ""ל",false,,29.90,0.1582,true,1,142017
7290106727984,false,גביע פצפצים 135 גרם,,,גביע פצפצים 135 גרם,גרמים,135.00,100 גרם,false,,10.60,0.0785,true,1,140130
7290106811775,true,"ג""ל גילוח אדם פריימי",,,"ג""ל גילוח אדם פריימי",,0.00,,false,,5.00,0.0000,true,1,133396
7290106811782,true,"ג""ל גילוח אדם בייסיק",,,"ג""ל גילוח אדם בייסיק",,0.00,,false,,5.00,0.0000,true,1,133397
7290107020084,true,וודקה טרופי 700 מל,,,וודקה טרופי 700 מל,,0.00,,false,,0.00,0.0000,true,1,135872
7290107020763,true,וודקה תיאו אסאי 700,,,וודקה תיאו אסאי 700,,0.00,,false,,0.00,0.0000,true,1,134800
7290107020930,true,"וודקה תיאו ג""בוטיקבה",,,"וודקה תיאו ג""בוטיקבה",,0.00,,false,,0.00,0.0000,true,1,134960
7290107020947,true,"וודקה תיאו ג""בוטיקבה",,,"וודקה תיאו ג""בוטיקבה",,0.00,,false,,0.00,0.0000,true,1,134961
7290107021241,true,וודקה ענבים 700 מל,,,וודקה ענבים 700 מל,,0.00,,false,,0.00,0.0000,true,1,135930
7290107021296,true,וודקה פסח ענבים 1 לי,,,וודקה פסח ענבים 1 לי,,0.00,,false,,0.00,0.0000,true,1,135202
7290107280020,false,מטליות לחות לניקוי כ,,,מטליות לחות לניקוי כ,Unknown,3.00,יחידה,false,,17.90,5.9667,true,1,146739
7290107280341,false,מטליות לחות לרצפה בנ,,,מטליות לחות לרצפה בנ,Unknown,1.00,יחידה,false,,12.90,12.9000,true,1,146741
7290107280570,false,ג'ל כביסה מקסימה 3 ל,,,ג'ל כביסה מקסימה 3 ל,מיליליטרים,3000.00,"100 מ""ל",false,,28.90,0.0096,true,1,141178
7290107280662,false,אבקת כביסה מרוכזת לת,,,אבקת כביסה מרוכזת לת,מיליליטרים,1250.00,"100 מ""ל",false,,16.90,0.0135,true,1,141179
7290107280723,false,נוזל כלים ספארק 700,,,נוזל כלים ספארק 700,מיליליטרים,750.00,"100 מ""ל",false,,9.90,0.0132,true,1,140739
7290107280747,false,נוזל כלים ספארק 700,,,נוזל כלים ספארק 700,מיליליטרים,700.00,"100 מ""ל",false,,9.90,0.0141,true,1,142854
7290107280754,false,נוזל כלים ספארק 700,,,נוזל כלים ספארק 700,מיליליטרים,700.00,"100 מ""ל",false,,7.90,0.0113,true,1,141180
7290107280792,true,מילוי נוזל כלים ספאר,,,מילוי נוזל כלים ספאר,,0.00,,false,,5.00,0.0000,true,1,133231
7290107305778,true,מזרק משפריץ מים,,,מזרק משפריץ מים,,0.00,,false,,5.00,0.0000,true,1,133167
7290107642422,true,"קליק קראנץ ""קרם אגוז",,,"קליק קראנץ ""קרם אגוז",,0.00,,false,,0.00,0.0000,true,1,135004
7290107644174,true,נשנושים מיקס 200 גרם,,,נשנושים מיקס 200 גרם,,0.00,,false,,5.00,0.0000,true,1,135344
7290107646154,false,מאגדת חטיף קוקומן פצ,,,מאגדת חטיף קוקומן פצ,Unknown,6.00,יחידה,false,,12.90,2.1500,true,1,140467
7290107646383,false,סיף מגבונים רצפה לימ,,,סיף מגבונים רצפה לימ,Unknown,10.00,יחידה,false,,10.90,1.0900,true,1,144873
7290107646895,false,קנור רוטב פסטה נפולי,,,קנור רוטב פסטה נפולי,גרמים,415.00,100 גרם,false,,9.90,0.0239,true,1,141127
7290107647359,false,דומסטוס שלישיה אסלות,,,דומסטוס שלישיה אסלות,גרמים,165.00,100 גרם,false,,15.50,0.0939,true,1,144875
7290107647366,false,דומסטוס שלישיה אסלות,,,דומסטוס שלישיה אסלות,גרמים,165.00,100 גרם,false,,14.50,0.0879,true,1,144876
7290107647731,false,קוקומן חום לבן 375 ג,,,קוקומן חום לבן 375 ג,גרמים,375.00,100 גרם,false,,19.90,0.0531,true,1,140470
7290107647816,false,ברנפלקס ללא סוכר 500,,,ברנפלקס ללא סוכר 500,גרמים,500.00,100 גרם,false,,19.90,0.0398,true,1,140471
7290107647854,false,שוגי 500 גרם,,,שוגי 500 גרם,גרמים,500.00,100 גרם,false,,18.90,0.0378,true,1,140472
7290107649681,false,טילון פסק זמן - נוגט,,,טילון פסק זמן - נוגט,Unknown,1.00,יחידה,false,,6.90,6.9000,true,1,145739
7290107649858,false,טילון מגנום לבן,,,טילון מגנום לבן,Unknown,1.00,יחידה,false,,9.90,9.9000,true,1,145746
7290107672720,true,"ג""ויה ריבת חלב ושקדי",,,"ג""ויה ריבת חלב ושקדי",,0.00,,false,,5.00,0.0000,true,1,134474
7290107870061,true,"ג""ויה וניל בציפוי שו",,,"ג""ויה וניל בציפוי שו",,0.00,,false,,0.00,0.0000,true,1,134780
7290107871990,false,אסם פסטה צינורות איט,,,אסם פסטה צינורות איט,גרמים,500.00,100 גרם,false,,5.90,0.0118,true,1,139871
7290107874366,true,"ביסלי נאצ""וס חמוץ חר",,,"ביסלי נאצ""וס חמוץ חר",,0.00,,false,,0.00,0.0000,true,1,134775
7290107874502,false,ביסלי גריל 4 * 55 גר,,,ביסלי גריל 4 * 55 גר,גרמים,220.00,100 גרם,false,,12.50,0.0568,true,1,138811
7290107874687,true,"ביסלי נאצ""וס ספייסי",,,"ביסלי נאצ""וס ספייסי",,0.00,,false,,0.00,0.0000,true,1,134776
7290107875158,false,"במבה קלאסי מארז כל""פ",,,"במבה קלאסי מארז כל""פ",גרמים,240.00,100 גרם,false,,12.90,0.0538,true,1,138812
7290107875271,false,ביסלי ברביקיו 4 * 55,,,ביסלי ברביקיו 4 * 55,גרמים,220.00,100 גרם,false,,12.50,0.0568,true,1,138813
7290107877619,false,במבה במילוי קרם נוגט,,,במבה במילוי קרם נוגט,גרמים,150.00,100 גרם,false,,13.90,0.0927,true,1,137696
7290107879132,false,פיטנס מיני פריכיות ש,,,פיטנס מיני פריכיות ש,גרמים,22.00,100 גרם,false,,4.90,0.2227,true,1,144281
7290107909006,false,סיר מיקרוגל 2 ליטר א,,,סיר מיקרוגל 2 ליטר א,Unknown,1.00,יחידה,false,,11.90,11.9000,true,1,155097
7290107909013,false,סיר מיקרוגל 3 ליטר א,,,סיר מיקרוגל 3 ליטר א,Unknown,1.00,יחידה,false,,13.90,13.9000,true,1,155098
7290107932080,false,חלב מועשר בקבוק 3% י,,,חלב מועשר בקבוק 3% י,מיליליטרים,1000.00,"100 מ""ל",false,,7.70,0.0077,true,1,142924
7290107936309,false,יוגורט דנונה יווני ל,,,יוגורט דנונה יווני ל,גרמים,130.00,100 גרם,false,,3.20,0.0246,true,1,142929
7290107937627,false,צנצנת קוביות מנטה עד,,,צנצנת קוביות מנטה עד,גרמים,58.00,100 גרם,false,,9.90,0.1707,true,1,138050
7290107938396,false,אקטימל תות דיסני 8*1,,,אקטימל תות דיסני 8*1,מיליליטרים,800.00,"100 מ""ל",false,,19.90,0.0249,true,1,142202
7290107940467,false,יוגורט 1.5% דנונה אק,,,יוגורט 1.5% דנונה אק,גרמים,200.00,100 גרם,false,,3.70,0.0185,true,1,142206
7290107944472,false,סימפוניה שום שמיר 5%,,,סימפוניה שום שמיר 5%,גרמים,200.00,100 גרם,false,,10.40,0.0520,true,1,140886
7290107945165,false,קונפיטורת משמש 340 ג,,,קונפיטורת משמש 340 ג,גרמים,340.00,100 גרם,false,,13.90,0.0409,true,1,142025
7290107954709,false,קונפיטורת פירות יער,,,קונפיטורת פירות יער,גרמים,340.00,100 גרם,false,,11.90,0.0350,true,1,142029
7290107954976,false,יטבתה פרו קפה 350 יט,,,יטבתה פרו קפה 350 יט,מיליליטרים,350.00,"100 מ""ל",false,,6.50,0.0186,true,1,142230
7290107956925,false,קפסולות 13 אוגנדה למ,,,קפסולות 13 אוגנדה למ,Unknown,10.00,יחידה,false,,15.90,1.5900,true,1,143290
7290107957991,false,מילקי מינייס עוגה אי,,,מילקי מינייס עוגה אי,גרמים,144.00,100 גרם,false,,13.90,0.0965,true,1,142242
7290107973861,false,עגבניות חתוך דק מאסט,,,עגבניות חתוך דק מאסט,גרמים,1200.00,100 גרם,false,,15.90,0.0133,true,1,144040
7290107974073,false,עלי טורטיה מקמח לבן,,,עלי טורטיה מקמח לבן,גרמים,320.00,100 גרם,false,,9.90,0.0309,true,1,144654
7290107974806,false,מאסטר שף אורז בסמטי,,,מאסטר שף אורז בסמטי,גרמים,1000.00,100 גרם,false,,9.90,0.0099,true,1,149731
7290107974820,false,מנה ממרח ספייסי מתוב,,,מנה ממרח ספייסי מתוב,גרמים,252.00,100 גרם,false,,7.90,0.0313,true,1,149756
7290107978453,false,חטיף בטעם גריל קראנצ,,,חטיף בטעם גריל קראנצ,גרמים,55.00,100 גרם,false,,3.50,0.0636,true,1,141676
7290107978460,false,חטיף בטעם פלאפל קראנ,,,חטיף בטעם פלאפל קראנ,גרמים,55.00,100 גרם,false,,3.50,0.0636,true,1,141677
7290108270006,false,לפתניה קרם (25 יח'),,,לפתניה קרם (25 יח'),Unknown,25.00,יחידה,false,,4.90,0.1960,true,1,139989
7290108271164,false,מגשית אלומיניום עם מ,,,מגשית אלומיניום עם מ,Unknown,5.00,יחידה,false,,7.90,1.5800,true,1,142480
7290108271430,false,שקית אשפה עם שרוך זו,,,שקית אשפה עם שרוך זו,גרמים,760.00,100 גרם,false,,13.90,0.0183,true,1,145359
7290108271454,false,שקיות מזון בקופסא רמ,,,שקיות מזון בקופסא רמ,Unknown,300.00,יחידה,false,,9.50,0.0317,true,1,139997
7290108271461,false,שקיות הקפאה-זוגות גל,,,שקיות הקפאה-זוגות גל,Unknown,2.00,יחידה,false,,7.90,3.9500,true,1,145360
7290108271485,false,שקיות גופייה אפור HD,,,שקיות גופייה אפור HD,Unknown,25.00,יחידה,false,,14.60,0.5840,true,1,145371
7290108271492,false,נייר אפייה רמי לוי 3,,,נייר אפייה רמי לוי 3,Unknown,50.00,יחידה,false,,7.90,0.1580,true,1,139998
7290108271577,false,כוסות עם מכסה 300 יח,,,כוסות עם מכסה 300 יח,Unknown,300.00,יחידה,false,,16.90,0.0563,true,1,139999
7290108271607,false,רדיד אלומיניום זוגות,,,רדיד אלומיניום זוגות,Unknown,2.00,יחידה,false,,11.90,5.9500,true,1,140000
7290108271669,false,צמרוני עץ רמי לוי 30,,,צמרוני עץ רמי לוי 30,Unknown,300.00,יחידה,false,,3.90,0.0130,true,1,140003
7290108271812,false,קופסאות אחסון 2 ליטר,,,קופסאות אחסון 2 ליטר,Unknown,4.00,יחידה,false,,9.90,2.4750,true,1,142485
7290108271829,false,קופסאות אחסון 1 ליטר,,,קופסאות אחסון 1 ליטר,Unknown,5.00,יחידה,false,,9.90,1.9800,true,1,140005
7290108272000,false,כוסות שתיה קרה 100 י,,,כוסות שתיה קרה 100 י,Unknown,100.00,יחידה,false,,6.80,0.0680,true,1,140007
7290108272079,false,מגבונים לניקוי כללי,,,מגבונים לניקוי כללי,Unknown,400.00,יחידה,false,,18.90,0.0472,true,1,142487
7290108272130,false,נייר סנדויץ 25*35 רמ,,,נייר סנדויץ 25*35 רמ,Unknown,100.00,יחידה,false,,8.90,0.0890,true,1,140008
7290108272154,false,מרקיות רמי לוי 25 יח,,,מרקיות רמי לוי 25 יח,Unknown,25.00,יחידה,false,,6.90,0.2760,true,1,140010
7290108272185,false,צלחת בינוני רמי לוי,,,צלחת בינוני רמי לוי,Unknown,50.00,יחידה,false,,11.90,0.2380,true,1,140013
7290108272192,false,זוג מפות לבן חלק רמי,,,זוג מפות לבן חלק רמי,Unknown,2.00,יחידה,false,,9.90,4.9500,true,1,140014
7290108272376,false,אובלי קרם 25 יח' רמי,,,אובלי קרם 25 יח' רמי,Unknown,25.00,יחידה,false,,5.90,0.2360,true,1,140016
7290108272550,false,שקיות אוכל מנייר (50,,,שקיות אוכל מנייר (50,Unknown,50.00,יחידה,false,,7.90,0.1580,true,1,147644
7290108272581,false,תבנית אפייה נייר אינ,,,תבנית אפייה נייר אינ,Unknown,2.00,יחידה,false,,5.20,2.6000,true,1,145363
7290108273168,false,צלחת 9' קרם (25 יח'),,,צלחת 9' קרם (25 יח'),Unknown,25.00,יחידה,false,,11.90,0.4760,true,1,140020
7290108273410,false,ניילון נצמד זוגות 2*,,,ניילון נצמד זוגות 2*,Unknown,2.00,יחידה,false,,8.90,4.4500,true,1,140022
7290108273427,false,ניילון נצמד 150 מ' ס,,,ניילון נצמד 150 מ' ס,Unknown,1.00,יחידה,false,,15.90,15.9000,true,1,142488
7290108273434,false,שקיות צלייה 28/35 רמ,,,שקיות צלייה 28/35 רמ,Unknown,10.00,יחידה,false,,2.90,0.2900,true,1,140023
7290108273601,false,קשים צבעוניים רמי לו,,,קשים צבעוניים רמי לו,Unknown,225.00,יחידה,false,,10.90,0.0484,true,1,140024
7290108273625,false,קיסמי שיניים מרובע (,,,קיסמי שיניים מרובע (,Unknown,500.00,יחידה,false,,2.90,0.0058,true,1,146939
7290108273632,false,שיפודי עץ רמי לוי 10,,,שיפודי עץ רמי לוי 10,Unknown,100.00,יחידה,false,,3.90,0.0390,true,1,140026
7290108273663,false,מגשיות אלומיניום גדו,,,מגשיות אלומיניום גדו,Unknown,5.00,יחידה,false,,6.90,1.3800,true,1,140027
7290108273694,false,תבנית אינגליש קייק ר,,,תבנית אינגליש קייק ר,Unknown,10.00,יחידה,false,,7.90,0.7900,true,1,140029
7290108273922,false,סכין שקוף (50 יח') ר,,,סכין שקוף (50 יח') ר,Unknown,50.00,יחידה,false,,8.90,0.1780,true,1,140032
7290108274059,false,מגשיות אלומיניום קטנ,,,מגשיות אלומיניום קטנ,Unknown,8.00,יחידה,false,,7.90,0.9875,true,1,140036
7290108274332,false,שקיות צלייה 28/35 רמ,,,שקיות צלייה 28/35 רמ,Unknown,10.00,יחידה,false,,2.90,0.2900,true,1,145014
7290108274592,false,נייר אפייה רמי לוי 3,,,נייר אפייה רמי לוי 3,Unknown,50.00,יחידה,false,,7.90,0.1580,true,1,149626
7290108274622,false,מרקיות רמי לוי 25 יח,,,מרקיות רמי לוי 25 יח,Unknown,25.00,יחידה,false,,6.90,0.2760,true,1,147006
7290108274639,false,צלחת בינוני רמי לוי,,,צלחת בינוני רמי לוי,Unknown,50.00,יחידה,false,,11.90,0.2380,true,1,147007
7290108274677,false,אובלי קרם 25 יח' רמי,,,אובלי קרם 25 יח' רמי,Unknown,25.00,יחידה,false,,5.90,0.2360,true,1,147008
7290108274707,false,צלחת 9' קרם (25 יח'),,,צלחת 9' קרם (25 יח'),Unknown,25.00,יחידה,false,,11.90,0.4760,true,1,140814
7290108275407,false,כוסות שתיה קרה 100 י,,,כוסות שתיה קרה 100 י,Unknown,100.00,יחידה,false,,6.80,0.0680,true,1,141188
7290108275551,false,כף לבן 100 יחידות,,,כף לבן 100 יחידות,Unknown,100.00,יחידה,false,,9.90,0.0990,true,1,140040
7290108275568,false,כפית לבן 100 יחידות,,,כפית לבן 100 יחידות,Unknown,100.00,יחידה,false,,7.90,0.0790,true,1,140041
7290108277241,false,קשיות עבות 100 יחידו,,,קשיות עבות 100 יחידו,Unknown,100.00,יחידה,false,,4.90,0.0490,true,1,148425
7290108350258,false,נייר טואלט סופט 12 ג,,,נייר טואלט סופט 12 ג,Unknown,12.00,יחידה,false,,32.90,2.7417,true,1,140730
7290108351507,false,מרכך 4 ליטר סופט סיל,,,מרכך 4 ליטר סופט סיל,מיליליטרים,4000.00,"100 מ""ל",false,,21.90,0.0055,true,1,141182
7290108351552,false,"ג'ט חומץ מרסס 750 מ""",,,"ג'ט חומץ מרסס 750 מ""",מיליליטרים,750.00,"100 מ""ל",false,,15.90,0.0212,true,1,140734
7290108351811,false,מקסימה מרכךסופר מרוכ,,,מקסימה מרכךסופר מרוכ,מיליליטרים,1000.00,"100 מ""ל",false,,17.90,0.0179,true,1,145764
7290108352672,false,מטליות הפלא לריצפה מ,,,מטליות הפלא לריצפה מ,Unknown,2.00,יחידה,false,,19.90,9.9500,true,1,142721
7290108353532,false,סנו סושי שקיות אשפה,,,סנו סושי שקיות אשפה,Unknown,100.00,יחידה,false,,29.90,0.2990,true,1,146747
7290108356168,false,כיף תחליב רחצה אוקיי,,,כיף תחליב רחצה אוקיי,מיליליטרים,700.00,"100 מ""ל",false,,11.90,0.0170,true,1,142299
7290108502251,false,קרקרים טבעי ויליפוד,,,קרקרים טבעי ויליפוד,גרמים,250.00,100 גרם,false,,6.90,0.0276,true,1,150152
7290108502268,false,קרקרים מליחות מעודנת,,,קרקרים מליחות מעודנת,גרמים,250.00,100 גרם,false,,6.90,0.0276,true,1,150153
7290108502527,false,קרקרים במליחות מעודנ,,,קרקרים במליחות מעודנ,גרמים,500.00,100 גרם,false,,11.90,0.0238,true,1,160778
7290108503043,false,תפוחי עץ מיובשים תפו,,,תפוחי עץ מיובשים תפו,גרמים,88.00,100 גרם,false,,14.90,0.1693,true,1,144772
7290108504699,false,נתחי טונה בהירה בשמן,,,נתחי טונה בהירה בשמן,גרמים,640.00,100 גרם,false,,19.90,0.0311,true,1,153965
7290108505962,false,שזיפים מיובשים 400 ג,,,שזיפים מיובשים 400 ג,גרמים,400.00,100 גרם,false,,24.90,0.0622,true,1,146625
7290108506549,false,גליליות וופל במילוי,,,גליליות וופל במילוי,גרמים,400.00,100 גרם,false,,14.90,0.0373,true,1,149698
7290108506815,false,גליליות וופל במילוי,,,גליליות וופל במילוי,גרמים,400.00,100 גרם,false,,14.90,0.0373,true,1,149699
7290108507492,false,קרקרים עם שומשום רמי,,,קרקרים עם שומשום רמי,גרמים,105.00,100 גרם,false,,5.50,0.0524,true,1,153368
7290108508130,false,עגבניות איטלקיות בקר,,,עגבניות איטלקיות בקר,גרמים,390.00,100 גרם,false,,8.90,0.0228,true,1,156791
7290108508765,false,קונכיות פתיתים ויליפ,,,קונכיות פתיתים ויליפ,גרמים,400.00,100 גרם,false,,5.90,0.0148,true,1,154472
7290108509700,false,אורז פרסי DAAWAT 1 ק,,,אורז פרסי DAAWAT 1 ק,גרמים,1000.00,100 גרם,false,,9.90,0.0099,true,1,156797
7290108509939,false,פרוסות פילה טונה 120,,,פרוסות פילה טונה 120,גרמים,120.00,100 גרם,false,,13.90,0.1158,true,1,157559
7290108530285,true,לחמניית דגנים צפתית,,,לחמניית דגנים צפתית,,0.00,,false,,5.00,0.0000,true,1,132978
7290108530315,true,לחמניית אבוקדו,,,לחמניית אבוקדו,,0.00,,false,,5.00,0.0000,true,1,132981
7290108530322,true,כריך אנטי פסטי,,,כריך אנטי פסטי,,0.00,,false,,0.00,0.0000,true,1,134672
7290108530360,true,מוס שוקולד וקצפת,,,מוס שוקולד וקצפת,,0.00,,false,,5.00,0.0000,true,1,132985
7290108530469,true,סט כלי ששת,,,סט כלי ששת,,0.00,,false,,5.00,0.0000,true,1,132563
7290108530513,true,"תפו""א וירקות סגנון ה",,,"תפו""א וירקות סגנון ה",,0.00,,false,,5.00,0.0000,true,1,132951
7290108530537,true,חטיף מוזלי פירות 33,,,חטיף מוזלי פירות 33,,0.00,,false,,5.00,0.0000,true,1,132632
7290108530582,true,מארז ירקות מיני,,,מארז ירקות מיני,,0.00,,false,,0.00,0.0000,true,1,134673
7290108530759,true,סלט פסטה קר,,,סלט פסטה קר,,0.00,,false,,5.00,0.0000,true,1,133106
7290108531046,true,זוג קופסאות פלסטיק ל,,,זוג קופסאות פלסטיק ל,,0.00,,false,,5.00,0.0000,true,1,133211
7290108531053,true,מעמד לנייר מגבת מעץ,,,מעמד לנייר מגבת מעץ,,0.00,,false,,5.00,0.0000,true,1,133181
7290108531060,true,מערוך מעץ,,,מערוך מעץ,,0.00,,false,,5.00,0.0000,true,1,133182
7290108531145,true,מטריה,,,מטריה,,0.00,,false,,5.00,0.0000,true,1,133337
7290108531251,true,עוגת ביסקוויטים,,,עוגת ביסקוויטים,,0.00,,false,,5.00,0.0000,true,1,133251
7290108531312,true,סכומון פלסטיק,,,סכומון פלסטיק,,0.00,,false,,5.00,0.0000,true,1,133212
7290108531619,true,טבליות למדיח כלים 7,,,טבליות למדיח כלים 7,,0.00,,false,,5.00,0.0000,true,1,134288
7290108531633,true,עוגת גבינה עם שוקולד,,,עוגת גבינה עם שוקולד,,0.00,,false,,5.00,0.0000,true,1,133328
7290108531688,true,כדורי שוקולד זוג,,,כדורי שוקולד זוג,,0.00,,false,,5.00,0.0000,true,1,133654
7290108531749,true,תבשיל תאילנדי עם אור,,,תבשיל תאילנדי עם אור,,0.00,,false,,5.00,0.0000,true,1,133402
7290108531756,true,תירס מארז,,,תירס מארז,,0.00,,false,,5.00,0.0000,true,1,133417
7290108531763,true,תבשיל מקסיקני,,,תבשיל מקסיקני,,0.00,,false,,5.00,0.0000,true,1,133418
7290108531817,true,"סמבוסק טונה 20 יח ""ב",,,"סמבוסק טונה 20 יח ""ב",,0.00,,false,,5.00,0.0000,true,1,133450
7290108531879,true,קופיקס  - משקה שוקול,,,קופיקס  - משקה שוקול,,0.00,,false,,0.00,0.0000,true,1,134895
7290108531909,true,מרק אפונה 2.5 ליטר4,,,מרק אפונה 2.5 ליטר4,,0.00,,false,,0.00,0.0000,true,1,134898
7290108531947,true,מרק עגבניות 2.5 ליטר,,,מרק עגבניות 2.5 ליטר,,0.00,,false,,0.00,0.0000,true,1,135607
7290108532005,true,פלזית -קופיקס- כוס פ,,,פלזית -קופיקס- כוס פ,קילוגרמים,1.00,"ק""ג",true,,0.00,0.0000,true,1,134899
7290108532159,true,סלט ירקות,,,סלט ירקות,,0.00,,false,,5.00,0.0000,true,1,133519
7290108532203,true,ארד - ארגז - K חביתה,,,ארד - ארגז - K חביתה,,0.00,,false,,0.00,0.0000,true,1,134903
7290108532296,true,"חמין 5.5 ק""ג 2 יחידו",,,"חמין 5.5 ק""ג 2 יחידו",,0.00,,false,,0.00,0.0000,true,1,134745
7290108532340,true,ארד - קופיקס - ארגז,,,ארד - קופיקס - ארגז,,0.00,,false,,0.00,0.0000,true,1,134901
7290108532357,true,ארד - קופיקס - ארגז,,,ארד - קופיקס - ארגז,,0.00,,false,,0.00,0.0000,true,1,134902
7290108532418,true,דגני בוקר כדורי שוקו,,,דגני בוקר כדורי שוקו,,0.00,,false,,0.00,0.0000,true,1,134746
7290108532555,true,"פוקצ""ה עגבניות 10 בק",,,"פוקצ""ה עגבניות 10 בק",,0.00,,false,,5.00,0.0000,true,1,133463
7290108532661,true,"שני ק""ג עוגיות אלפחו",,,"שני ק""ג עוגיות אלפחו",,0.00,,false,,0.00,0.0000,true,1,135615
7290108532678,true,"זיתים 13 ק""ג דלי",,,"זיתים 13 ק""ג דלי",,0.00,,false,,0.00,0.0000,true,1,135616
7290108533323,true,מקל מטאטא שימוש עצמי,,,מקל מטאטא שימוש עצמי,,0.00,,false,,0.00,0.0000,true,1,135664
7290108533330,true,מטליות תפזורת 250 יח,,,מטליות תפזורת 250 יח,,0.00,,false,,0.00,0.0000,true,1,134863
7290108533347,true,קופיקס-מ א - סחבה60,,,קופיקס-מ א - סחבה60,,0.00,,false,,0.00,0.0000,true,1,134864
7290108533514,true,כלי עזר להכנת חמין-,,,כלי עזר להכנת חמין-,,0.00,,false,,0.00,0.0000,true,1,134906
7290108533521,true,קולפן מחדד,,,קולפן מחדד,,0.00,,false,,5.00,0.0000,true,1,133680
7290108533552,true,מנת קוסקוס,,,מנת קוסקוס,,0.00,,false,,5.00,0.0000,true,1,133693
7290108533569,true,ירקות למנת קוסקוס,,,ירקות למנת קוסקוס,,0.00,,false,,5.00,0.0000,true,1,133694
7290108533576,true,סושי אינסייד אאוט,,,סושי אינסייד אאוט,,0.00,,false,,5.00,0.0000,true,1,133706
7290108533590,true,ארד - קופיקס - ארגז,,,ארד - קופיקס - ארגז,,0.00,,false,,5.00,0.0000,true,1,133708
7290108533606,true,ארד - קופיקס - ארגז,,,ארד - קופיקס - ארגז,,0.00,,false,,5.00,0.0000,true,1,133709
7290108533712,true,פנס לד,,,פנס לד,,0.00,,false,,5.00,0.0000,true,1,133729
7290108533774,true,משקה שוקולטה 1 קילו,,,משקה שוקולטה 1 קילו,,0.00,,false,,0.00,0.0000,true,1,134910
7290108533781,true,משקה קרמל בוטנים 1 ק,,,משקה קרמל בוטנים 1 ק,,0.00,,false,,0.00,0.0000,true,1,134911
7290108533804,true,מרק כתום 2.5 ליטר 4,,,מרק כתום 2.5 ליטר 4,,0.00,,false,,0.00,0.0000,true,1,136313
7290108533811,true,מרק שעועית 2.5 ליטר,,,מרק שעועית 2.5 ליטר,,0.00,,false,,0.00,0.0000,true,1,134912
7290108533835,true,קופסאת פלסטיק 1 ליטר,,,קופסאת פלסטיק 1 ליטר,,0.00,,false,,0.00,0.0000,true,1,134913
7290108534023,true,ארגזZ- מ.חביתה 5 מ.ס,,,ארגזZ- מ.חביתה 5 מ.ס,,0.00,,false,,0.00,0.0000,true,1,134915
7290108534269,true,אייס פסיפלורה כשלפ,,,אייס פסיפלורה כשלפ,,0.00,,false,,0.00,0.0000,true,1,136559
7290108534283,true,"שוקו כשלפ 1 ק""ג",,,"שוקו כשלפ 1 ק""ג",,0.00,,false,,0.00,0.0000,true,1,136560
7290108534290,true,תמצית לשייק תות כשלפ,,,תמצית לשייק תות כשלפ,,0.00,,false,,0.00,0.0000,true,1,136561
7290108534320,true,"אייס וניל כשלפ 1 ק""ג",,,"אייס וניל כשלפ 1 ק""ג",,0.00,,false,,0.00,0.0000,true,1,134917
7290108534382,true,גפילטע פיש 160 גרם,,,גפילטע פיש 160 גרם,,0.00,,false,,5.00,0.0000,true,1,134795
7290108534412,true,רול חלבה,,,רול חלבה,,0.00,,false,,0.00,0.0000,true,1,135002
7290108534429,true,פאי אגוזים כשלפ,,,פאי אגוזים כשלפ,,0.00,,false,,5.00,0.0000,true,1,134376
7290108534672,true,גזר מתוק עם צימוקים,,,גזר מתוק עם צימוקים,,0.00,,false,,0.00,0.0000,true,1,134793
7290108534856,true,עוגיות וניל עוגיות2,,,עוגיות וניל עוגיות2,,0.00,,false,,0.00,0.0000,true,1,134801
7290108534894,true,כרטיס נטען,,,כרטיס נטען,,0.00,,false,,0.00,0.0000,true,1,135675
7290108534986,true,סטנד אבזרי מטבח מסיל,,,סטנד אבזרי מטבח מסיל,,0.00,,false,,0.00,0.0000,true,1,135148
7290108535235,true,סטנד כלי כתיבה,,,סטנד כלי כתיבה,,0.00,,false,,0.00,0.0000,true,1,135155
7290108537918,true,סטנד משקפי קריאה,,,סטנד משקפי קריאה,,0.00,,false,,0.00,0.0000,true,1,135096
7290108538694,true,סלט פסטה פסטו עם גבי,,,סלט פסטה פסטו עם גבי,,0.00,,false,,5.00,0.0000,true,1,135336
7290108539615,true,לחמניית סלט ביציםCf,,,לחמניית סלט ביציםCf,,0.00,,false,,5.00,0.0000,true,1,136160
7290108539660,true,חמין העדה החרדית5.,,,חמין העדה החרדית5.,,0.00,,false,,0.00,0.0000,true,1,136198
7290109351186,true,אטריות דקיקות 500 גר,,,אטריות דקיקות 500 גר,,0.00,,false,,5.00,0.0000,true,1,134832
7290109352916,false,פריכיות שוקולד לבן,,,פריכיות שוקולד לבן,גרמים,84.00,100 גרם,false,,11.90,0.1417,true,1,144285
7290109353456,true,מפעל-עסיס חומץ טבעי,,,מפעל-עסיס חומץ טבעי,,0.00,,false,,2999.90,0.0000,true,1,137011
7290109356082,true,מפעל-עסיס מיץ לימון,,,מפעל-עסיס מיץ לימון,,0.00,,false,,2999.90,0.0000,true,1,136531
7290109358765,false,קראנץ' רולס 450 גרם,,,קראנץ' רולס 450 גרם,גרמים,450.00,100 גרם,false,,19.90,0.0442,true,1,141321
7290109580098,false,קבנוס בטעם סרירצ'ה ז,,,קבנוס בטעם סרירצ'ה ז,גרמים,135.00,100 גרם,false,,9.90,0.0733,true,1,158823
7290109580432,false,פסטרמה אקסטרה מעושנת,,,פסטרמה אקסטרה מעושנת,גרמים,120.00,100 גרם,false,,14.90,0.1242,true,1,159883
7290110110611,false,ספרייט ליים 1.5 ליטר,,,ספרייט ליים 1.5 ליטר,מיליליטרים,1500.00,"100 מ""ל",false,,8.70,0.0058,true,1,155980
7290110114787,false,מים בטעם תפוח נביעות,,,מים בטעם תפוח נביעות,מיליליטרים,1500.00,"100 מ""ל",false,,9.20,0.0061,true,1,157558
7290110114794,false,מים בטעם אפרסק נביעו,,,מים בטעם אפרסק נביעו,מיליליטרים,1500.00,"100 מ""ל",false,,9.20,0.0061,true,1,157170
7290110114800,false,מים מינרליים בטעם ענ,,,מים מינרליים בטעם ענ,מיליליטרים,1500.00,"100 מ""ל",false,,9.20,0.0061,true,1,157171
7290110114855,false,מים מינרילים נביעות,,,מים מינרילים נביעות,מיליליטרים,9000.00,"100 מ""ל",false,,13.70,0.0015,true,1,157174
7290110114954,false,פריגת 2 ליטר 100% מי,,,פריגת 2 ליטר 100% מי,מיליליטרים,2000.00,"100 מ""ל",false,,24.90,0.0124,true,1,157221
7290110114961,false,פריגת תפוזים 1.5 ליט,,,פריגת תפוזים 1.5 ליט,מיליליטרים,1500.00,"100 מ""ל",false,,9.10,0.0061,true,1,157175
7290110114985,false,פריגת אשכוליות 1.5 ל,,,פריגת אשכוליות 1.5 ל,מיליליטרים,1500.00,"100 מ""ל",false,,9.10,0.0061,true,1,157177
7290110115005,false,משקה קל ענבים פריגת,,,משקה קל ענבים פריגת,מיליליטרים,1500.00,"100 מ""ל",false,,9.10,0.0061,true,1,157178
7290110115029,false,פריגת תפוחים 1.5 ליט,,,פריגת תפוחים 1.5 ליט,מיליליטרים,1500.00,"100 מ""ל",false,,9.10,0.0061,true,1,157180
7290110115050,false,פריגת מיקס תות-בננה,,,פריגת מיקס תות-בננה,מיליליטרים,1500.00,"100 מ""ל",false,,9.10,0.0061,true,1,157183
7290110115081,false,פריגת צלול בטעם ענבי,,,פריגת צלול בטעם ענבי,מיליליטרים,1500.00,"100 מ""ל",false,,8.80,0.0059,true,1,157185
7290110115104,false,פריגת צלול בטעם אפרס,,,פריגת צלול בטעם אפרס,מיליליטרים,1500.00,"100 מ""ל",false,,8.80,0.0059,true,1,157187
7290110115227,false,קוקה קולה זירו בקבוק,,,קוקה קולה זירו בקבוק,מיליליטרים,1500.00,"100 מ""ל",false,,8.80,0.0059,true,1,157197
7290110115265,false,ספרייט ליים 1.5 ליטר,,,ספרייט ליים 1.5 ליטר,מיליליטרים,1500.00,"100 מ""ל",false,,8.90,0.0059,true,1,157199
7290110115272,false,ספרייט זירו בקבוק 1.,,,ספרייט זירו בקבוק 1.,מיליליטרים,1500.00,"100 מ""ל",false,,8.60,0.0057,true,1,157200
7290110115296,false,פאנטה אורנג' 1.5 ליט,,,פאנטה אורנג' 1.5 ליט,מיליליטרים,1500.00,"100 מ""ל",false,,9.10,0.0061,true,1,157201
7290110115319,false,פאנטה אקזוטיק 1.5 לי,,,פאנטה אקזוטיק 1.5 לי,מיליליטרים,1500.00,"100 מ""ל",false,,9.10,0.0061,true,1,157202
7290110115364,false,קוקה קולה 6*1.5 ליטר,,,קוקה קולה 6*1.5 ליטר,קילוגרמים,9.00,ליטר,false,,51.10,5.6778,true,1,157207
7290110115449,false,תה קר מנגו אננס פיוז,,,תה קר מנגו אננס פיוז,מיליליטרים,1500.00,"100 מ""ל",false,,9.80,0.0065,true,1,157214
7290110115463,false,תה קר אפרסק פיוז-טי,,,תה קר אפרסק פיוז-טי,מיליליטרים,1500.00,"100 מ""ל",false,,9.80,0.0065,true,1,157216
7290110115623,false,פיוז תה אפרסק זירו 1,,,פיוז תה אפרסק זירו 1,מיליליטרים,1500.00,"100 מ""ל",false,,8.90,0.0059,true,1,159713
7290110115821,false,ספרייט ליים 1.5 ליטר,,,ספרייט ליים 1.5 ליטר,קילוגרמים,1.50,ליטר,false,,8.70,5.8000,true,1,158193
7290110115869,false,קוקה קולה זירו בקבוק,,,קוקה קולה זירו בקבוק,מיליליטרים,1500.00,"100 מ""ל",false,,8.80,0.0059,true,1,157925
7290110116569,false,ספרייט זירו למון היט,,,ספרייט זירו למון היט,מיליליטרים,1500.00,"100 מ""ל",false,,8.60,0.0057,true,1,161790
7290110320850,false,גבינת עמק 28% שומן פ,,,גבינת עמק 28% שומן פ,גרמים,200.00,100 גרם,false,,15.90,0.0795,true,1,138595
7290110320935,false,פרוסות מוצרלה מחלב ב,,,פרוסות מוצרלה מחלב ב,גרמים,150.00,100 גרם,false,,16.90,0.1127,true,1,145571
7290110321031,false,יופלה GO יוגורט מועש,,,יופלה GO יוגורט מועש,גרמים,200.00,100 גרם,false,,5.50,0.0275,true,1,141009
7290110321277,false,קוטג' בקטנה 5%,,,קוטג' בקטנה 5%,גרמים,100.00,100 גרם,false,,2.70,0.0270,true,1,145766
7290110321284,false,קוטג בקטנה 9%,,,קוטג בקטנה 9%,גרמים,100.00,100 גרם,false,,2.70,0.0270,true,1,150324
7290110321697,false,יוגורט 2.9% אפרסק גו,,,יוגורט 2.9% אפרסק גו,גרמים,200.00,100 גרם,false,,5.50,0.0275,true,1,141013
7290110321789,false,גבינת מסקרפונה השף ה,,,גבינת מסקרפונה השף ה,גרמים,250.00,100 גרם,false,,19.90,0.0796,true,1,145219
7290110322014,false,טופו טבעי 300 גרם,,,טופו טבעי 300 גרם,גרמים,300.00,100 גרם,false,,11.90,0.0397,true,1,141016
7290110322021,false,טופו בזיליקום 300 גר,,,טופו בזיליקום 300 גר,גרמים,300.00,100 גרם,false,,11.90,0.0397,true,1,141017
7290110323301,false,גבינת טל העמק 32% שו,,,גבינת טל העמק 32% שו,גרמים,200.00,100 גרם,false,,17.90,0.0895,true,1,145225
7290110323585,false,יוגורט לייט 0.5% מוע,,,יוגורט לייט 0.5% מוע,גרמים,200.00,100 גרם,false,,5.50,0.0275,true,1,145227
7290110324353,false,יוגורט 0.5% מועשר אנ,,,יוגורט 0.5% מועשר אנ,גרמים,200.00,100 גרם,false,,5.50,0.0275,true,1,145235
7290110324711,false,ממרח סויה בטעם טבעי,,,ממרח סויה בטעם טבעי,גרמים,250.00,100 גרם,false,,9.90,0.0396,true,1,145241
7290110324841,false,מעדן שקדים שוקולד מר,,,מעדן שקדים שוקולד מר,גרמים,125.00,100 גרם,false,,3.90,0.0312,true,1,153284
7290110324858,false,מעדן שקדים אגוזי לוז,,,מעדן שקדים אגוזי לוז,גרמים,125.00,100 גרם,false,,4.20,0.0336,true,1,153285
7290110324872,false,פרוסות גבינה חצי קשה,,,פרוסות גבינה חצי קשה,גרמים,200.00,100 גרם,false,,17.90,0.0895,true,1,152767
7290110325305,false,מעדן סויה גו מועשר ב,,,מעדן סויה גו מועשר ב,גרמים,200.00,100 גרם,false,,5.70,0.0285,true,1,153286
7290110325312,false,מעדן סויה גו מועשר ת,,,מעדן סויה גו מועשר ת,גרמים,200.00,100 גרם,false,,5.70,0.0285,true,1,153287
7290110325619,false,משקה שיבולת שועל 1 ל,,,משקה שיבולת שועל 1 ל,מיליליטרים,1000.00,"100 מ""ל",false,,12.90,0.0129,true,1,151756
7290110325879,false,פתיתי גאודה 200 גרם,,,פתיתי גאודה 200 גרם,גרמים,200.00,100 גרם,false,,16.90,0.0845,true,1,147506
7290110325893,false,תנובה GO אייס קפה 34,,,תנובה GO אייס קפה 34,מיליליטרים,340.00,"100 מ""ל",false,,7.70,0.0226,true,1,153289
7290110326210,false,יופלה און טופ פצפוצי,,,יופלה און טופ פצפוצי,גרמים,157.00,100 גרם,false,,5.00,0.0318,true,1,147496
7290110326227,false,יופלה און טופ קורנפל,,,יופלה און טופ קורנפל,גרמים,157.00,100 גרם,false,,5.00,0.0318,true,1,147497
7290110326241,false,יופלה און טופ גרנולה,,,יופלה און טופ גרנולה,גרמים,157.00,100 גרם,false,,5.00,0.0318,true,1,147499
7290110326333,false,פרוסות גבינה סקנדינב,,,פרוסות גבינה סקנדינב,גרמים,170.00,100 גרם,false,,17.90,0.1053,true,1,152792
7290110327514,false,משקה שיבולת שועל אגו,,,משקה שיבולת שועל אגו,מיליליטרים,1000.00,"100 מ""ל",false,,12.90,0.0129,true,1,156116
7290110328481,false,פתיתי פרמג'יאנו רג'י,,,פתיתי פרמג'יאנו רג'י,גרמים,100.00,100 גרם,false,,14.90,0.1490,true,1,154300
7290110328627,false,יוגורט גו סמיך בננה,,,יוגורט גו סמיך בננה,גרמים,200.00,100 גרם,false,,5.50,0.0275,true,1,156714
7290110328788,false,יוגורט גו סמיך אפרסק,,,יוגורט גו סמיך אפרסק,גרמים,200.00,100 גרם,false,,5.50,0.0275,true,1,156717
7290110328955,false,קוביות גבינת עזים בש,,,קוביות גבינת עזים בש,גרמים,350.00,100 גרם,false,,24.90,0.0711,true,1,159422
7290110329792,false,מעדן סויה ביו אפרסק,,,מעדן סויה ביו אפרסק,גרמים,150.00,100 גרם,false,,4.50,0.0300,true,1,157613
7290110329808,false,מעדן סויה ביו תות אל,,,מעדן סויה ביו תות אל,גרמים,150.00,100 גרם,false,,4.50,0.0300,true,1,157609
7290110329815,false,מעדן סויה ביו מתיקות,,,מעדן סויה ביו מתיקות,גרמים,150.00,100 גרם,false,,4.50,0.0300,true,1,157607
7290110329822,false,מעדן סויה ביו פירות,,,מעדן סויה ביו פירות,גרמים,150.00,100 גרם,false,,4.50,0.0300,true,1,157608
7290110329846,false,מעדן סויה ביו טבעי א,,,מעדן סויה ביו טבעי א,גרמים,150.00,100 גרם,false,,4.50,0.0300,true,1,157614
7290110550370,false,משולשות קינואה ופלפל,,,משולשות קינואה ופלפל,גרמים,65.00,100 גרם,false,,9.90,0.1523,true,1,161407
7290110552220,false,דנונה פרו 20 גרם ללא,,,דנונה פרו 20 גרם ללא,גרמים,200.00,100 גרם,false,,5.90,0.0295,true,1,157798
7290110552237,false,דנונה פרו 20 גרם ללא,,,דנונה פרו 20 גרם ללא,גרמים,200.00,100 גרם,false,,5.90,0.0295,true,1,157799
7290110553029,false,פריכיות חלבון קייל ח,,,פריכיות חלבון קייל ח,גרמים,60.00,100 גרם,false,,9.90,0.1650,true,1,158125
7290110553173,false,פריכיות קרמל אנרגי 4,,,פריכיות קרמל אנרגי 4,גרמים,40.00,100 גרם,false,,5.90,0.1475,true,1,161408
7290110553180,false,פריכיות תפוח קינמון,,,פריכיות תפוח קינמון,גרמים,40.00,100 גרם,false,,5.90,0.1475,true,1,161409
7290110553340,false,אייס נמס מילקשייק מל,,,אייס נמס מילקשייק מל,גרמים,200.00,100 גרם,false,,15.90,0.0795,true,1,159907
7290110554422,false,רוטב עגבניות ופלפלים,,,רוטב עגבניות ופלפלים,גרמים,350.00,100 גרם,false,,11.90,0.0340,true,1,158128
7290110554460,false,ציטוס קראנץ צ'דר חלפ,,,ציטוס קראנץ צ'דר חלפ,גרמים,65.00,100 גרם,false,,3.50,0.0538,true,1,159755
7290110554545,false,קפסולות אספרסו לאפוג,,,קפסולות אספרסו לאפוג,גרמים,50.00,100 גרם,false,,17.90,0.3580,true,1,159911
7290110554583,false,מארז ציטוס פאפ גבינה,,,מארז ציטוס פאפ גבינה,גרמים,200.00,100 גרם,false,,12.90,0.0645,true,1,157513
7290110554699,false,קפסולות קפה עולה נספ,,,קפסולות קפה עולה נספ,גרמים,50.00,100 גרם,false,,18.90,0.3780,true,1,161410
7290110555306,false,רבע לשבע טבעוני סינמ,,,רבע לשבע טבעוני סינמ,גרמים,125.00,100 גרם,false,,10.90,0.0872,true,1,159912
7290110556242,false,שוקולד מריר פרווה על,,,שוקולד מריר פרווה על,גרמים,100.00,100 גרם,false,,5.50,0.0550,true,1,161422
7290110557027,false,חומוס 50% טחינה 400,,,חומוס 50% טחינה 400,גרמים,400.00,100 גרם,false,,13.90,0.0348,true,1,157457
7290110557102,false,מעדן פרו חלב עם שוקו,,,מעדן פרו חלב עם שוקו,גרמים,150.00,100 גרם,false,,4.90,0.0327,true,1,159264
7290110557133,false,מעדן הגולן וניל 125,,,מעדן הגולן וניל 125,גרמים,125.00,100 גרם,false,,2.90,0.0232,true,1,156683
7290110558130,false,אקטיביה עם שיבולת שו,,,אקטיביה עם שיבולת שו,גרמים,150.00,100 גרם,false,,4.50,0.0300,true,1,159975
7290110558314,false,דנונה פרו ללא סוכר פ,,,דנונה פרו ללא סוכר פ,גרמים,200.00,100 גרם,false,,5.90,0.0295,true,1,160864
7290110558666,false,דניאלה בטעם תפוח 88,,,דניאלה בטעם תפוח 88,גרמים,88.00,100 גרם,false,,4.10,0.0466,true,1,161730
7290110559014,false,שעועית שחורה שטראוס,,,שעועית שחורה שטראוס,גרמים,380.00,100 גרם,false,,6.80,0.0179,true,1,160770
7290110559762,false,ריל מאגדת אגוזים תמר,,,ריל מאגדת אגוזים תמר,גרמים,105.00,100 גרם,false,,15.90,0.1514,true,1,159916
7290110563431,false,משקה קפה קר קלאסי 1.,,,משקה קפה קר קלאסי 1.,מיליליטרים,230.00,"100 מ""ל",false,,7.90,0.0343,true,1,143834
7290110563448,false,משקה קפה קר מעודן 1.,,,משקה קפה קר מעודן 1.,מיליליטרים,230.00,"100 מ""ל",false,,7.90,0.0343,true,1,143835
7290110563462,false,חלב בבקבוק נטול לקטו,,,חלב בבקבוק נטול לקטו,מיליליטרים,1000.00,"100 מ""ל",false,,7.90,0.0079,true,1,143836
7290110564339,false,חומוס עשיר ב 30% טחי,,,חומוס עשיר ב 30% טחי,גרמים,400.00,100 גרם,false,,12.90,0.0323,true,1,142264
7290110564360,false,חומוס עשיר 40% טחינה,,,חומוס עשיר 40% טחינה,גרמים,400.00,100 גרם,false,,12.90,0.0323,true,1,142265
7290110565527,false,יוגורט פרו 20 גרם חל,,,יוגורט פרו 20 גרם חל,גרמים,200.00,100 גרם,false,,5.90,0.0295,true,1,140890
7290110566975,false,יוגורט דנונה פרו 20,,,יוגורט דנונה פרו 20,גרמים,200.00,100 גרם,false,,5.90,0.0295,true,1,142278
7290110568238,false,קצפת צמחית 21% 250 מ,,,קצפת צמחית 21% 250 מ,מיליליטרים,250.00,"100 מ""ל",false,,7.90,0.0316,true,1,142285
7290110568276,false,יטבתה פרו וניל 350 מ,,,יטבתה פרו וניל 350 מ,מיליליטרים,350.00,"100 מ""ל",false,,6.50,0.0186,true,1,142286
7290110568559,false,דוריטוס חמוץ חריף 10,,,דוריטוס חמוץ חריף 10,גרמים,250.00,100 גרם,false,,14.90,0.0596,true,1,140857
7290110570224,false,משקה קפה קר בטעם עוג,,,משקה קפה קר בטעם עוג,מיליליטרים,230.00,"100 מ""ל",false,,7.90,0.0343,true,1,160865
7290110571184,false,עדשים חומות שטראוס ט,,,עדשים חומות שטראוס ט,גרמים,380.00,100 גרם,false,,6.80,0.0179,true,1,160771
7290110571382,false,מעדן חלב בטעם וניל מ,,,מעדן חלב בטעם וניל מ,גרמים,150.00,100 גרם,false,,4.90,0.0327,true,1,158814
7290110572129,false,כיף כף מקלות שוקולד,,,כיף כף מקלות שוקולד,גרמים,40.00,100 גרם,false,,4.90,0.1225,true,1,161816
7290110572969,false,כיף כף פצפצים קרם לב,,,כיף כף פצפצים קרם לב,גרמים,40.00,100 גרם,false,,5.00,0.1250,true,1,160773
7290110572976,false,כיף כף פצפצים קרם לב,,,כיף כף פצפצים קרם לב,גרמים,135.00,100 גרם,false,,10.60,0.0785,true,1,160774
7290110576318,false,שוקולד אגוז לבן עלית,,,שוקולד אגוז לבן עלית,גרמים,300.00,100 גרם,false,,24.90,0.0830,true,1,161413
7290110576363,false,ספלנדיד שוקולד מריר,,,ספלנדיד שוקולד מריר,גרמים,100.00,100 גרם,false,,7.90,0.0790,true,1,160286
7290110576387,false,שוקולד אגוז חלב עלית,,,שוקולד אגוז חלב עלית,גרמים,300.00,100 גרם,false,,24.90,0.0830,true,1,161415
7290110576752,false,שוקולד ספלנדיד מריר,,,שוקולד ספלנדיד מריר,גרמים,100.00,100 גרם,false,,10.90,0.1090,true,1,161820
7290110576776,false,שוקולד ספלנדיד מריר,,,שוקולד ספלנדיד מריר,גרמים,100.00,100 גרם,false,,10.90,0.1090,true,1,161821
7290110576868,false,גמדים רביעיית סלט פי,,,גמדים רביעיית סלט פי,מיליליטרים,400.00,"100 מ""ל",false,,11.40,0.0285,true,1,161734
7290110634032,true,קוץ לקיר תליה,,,קוץ לקיר תליה,,0.00,,false,,0.00,0.0000,true,1,136911
7290110634872,true,עוגיות ארוזות בייגלה,,,עוגיות ארוזות בייגלה,,0.00,,false,,5.00,0.0000,true,1,137285
7290110634889,true,עוגיות ארוזות בייגלה,,,עוגיות ארוזות בייגלה,,0.00,,false,,5.00,0.0000,true,1,137286
7290110635343,true,דוגמאות מאפה רוחלה,,,דוגמאות מאפה רוחלה,,0.00,,false,,0.00,0.0000,true,1,137392
7290110635381,true,דוגמאות מאפה אנטקובי,,,דוגמאות מאפה אנטקובי,,0.00,,false,,0.00,0.0000,true,1,137411
7290110635510,true,"דוגמאות מאפה אנג""ל",,,"דוגמאות מאפה אנג""ל",,0.00,,false,,0.00,0.0000,true,1,137434
7290110635527,true,"גרעיני תירס 3 ק""ג עד",,,"גרעיני תירס 3 ק""ג עד",,0.00,,false,,0.00,0.0000,true,1,137441
7290110638177,true,מארז עוגיות כתר סוכר,,,מארז עוגיות כתר סוכר,,0.00,,false,,5.00,0.0000,true,1,137509
7290110638191,true,מארז עוגיות מעמול שו,,,מארז עוגיות מעמול שו,,0.00,,false,,5.00,0.0000,true,1,137511
7290110639372,true,מוס קרמל עם שברי עוג,,,מוס קרמל עם שברי עוג,,0.00,,false,,8.00,0.0000,true,1,138511
7290110639389,true,מוס חלבה עם שברי עוג,,,מוס חלבה עם שברי עוג,,0.00,,false,,8.00,0.0000,true,1,138512
7290110639402,true,עוגת גבינה פירורים,,,עוגת גבינה פירורים,,0.00,,false,,8.00,0.0000,true,1,138514
7290110639785,true,משאבה לבלונים,,,משאבה לבלונים,,0.00,,false,,0.00,0.0000,true,1,138733
7290110639792,true,בלונים ממותגים + מקל,,,בלונים ממותגים + מקל,,0.00,,false,,0.00,0.0000,true,1,138734
7290111341366,false,ניקול מפיות אירוח חד,,,ניקול מפיות אירוח חד,Unknown,150.00,יחידה,false,,7.90,0.0527,true,1,143629
7290111350047,false,תמרים מגולענים 500 ג,,,תמרים מגולענים 500 ג,גרמים,500.00,100 גרם,false,,14.90,0.0298,true,1,146650
7290111353475,false,שטיחים חמוצים יוגטה,,,שטיחים חמוצים יוגטה,גרמים,250.00,100 גרם,false,,9.90,0.0396,true,1,157881
7290111353482,false,קוביות חמוצות 220 גר,,,קוביות חמוצות 220 גר,גרמים,220.00,100 גרם,false,,9.90,0.0450,true,1,157882
7290111562761,true,אסם קרטון עסקה מרקי,,,אסם קרטון עסקה מרקי,,0.00,,false,,0.00,0.0000,true,1,137808
7290111930805,false,חטיף בטעם ברביקיו קר,,,חטיף בטעם ברביקיו קר,גרמים,55.00,100 גרם,false,,3.50,0.0636,true,1,141678
7290111930850,false,חטיף בטעם פיצה קראנצ,,,חטיף בטעם פיצה קראנצ,גרמים,55.00,100 גרם,false,,3.50,0.0636,true,1,155924
7290111930911,false,חטיף תפוח אדמה בטעם,,,חטיף תפוח אדמה בטעם,גרמים,40.00,100 גרם,false,,3.90,0.0975,true,1,144658
7290111930928,false,חטיף תפוח אדמה בטעם,,,חטיף תפוח אדמה בטעם,גרמים,40.00,100 גרם,false,,3.90,0.0975,true,1,144659
7290111930935,false,חטיף תפוח אדמה בטעם,,,חטיף תפוח אדמה בטעם,גרמים,40.00,100 גרם,false,,3.90,0.0975,true,1,144660
7290111935961,false,מאסטר שף מחית עגבניו,,,מאסטר שף מחית עגבניו,גרמים,690.00,100 גרם,false,,10.90,0.0158,true,1,149734
7290112005045,false,וניש אבקה לכביסה לבנ,,,וניש אבקה לכביסה לבנ,גרמים,480.00,100 גרם,false,,17.90,0.0373,true,1,160166
7290112013729,true,קופיקס-רוטב אריסה50,,,קופיקס-רוטב אריסה50,,0.00,,false,,0.00,0.0000,true,1,138023
7290112290113,true,עוגה בחושה שוקולד כש,,,עוגה בחושה שוקולד כש,,0.00,,false,,0.00,0.0000,true,1,139142
7290112290151,true,מארז 4 סלטים בורגול,,,מארז 4 סלטים בורגול,,0.00,,false,,60.00,0.0000,true,1,139005
7290112290427,true,מעטפות פרסום פסח מהד,,,מעטפות פרסום פסח מהד,,0.00,,false,,0.00,0.0000,true,1,139184
7290112290434,true,מעטפות פרסום פסח רגי,,,מעטפות פרסום פסח רגי,,0.00,,false,,0.00,0.0000,true,1,139185
7290112290496,true,"גביע ליוגורט 200 מ""ל",,,"גביע ליוגורט 200 מ""ל",,0.00,,false,,0.00,0.0000,true,1,139206
7290112290564,true,קרמבל תפוחים,,,קרמבל תפוחים,,0.00,,false,,0.00,0.0000,true,1,139525
7290112290588,true,"גביע ליוגורט 200 מ""ל",,,"גביע ליוגורט 200 מ""ל",,0.00,,false,,0.00,0.0000,true,1,139526
7290112290656,true,תחמיץ לסלט קופיקס 2,,,תחמיץ לסלט קופיקס 2,,0.00,,false,,0.00,0.0000,true,1,139674
7290112291271,true,חמין גדול+ לחמניה,,,חמין גדול+ לחמניה,,0.00,,false,,0.00,0.0000,true,1,139399
7290112291288,true,קוגל חצי מנה + מלפפו,,,קוגל חצי מנה + מלפפו,,0.00,,false,,0.00,0.0000,true,1,139400
7290112291332,true,מאפה קינמון לא אפוי,,,מאפה קינמון לא אפוי,,0.00,,false,,0.00,0.0000,true,1,139560
7290112291387,true,באן מאודה במילוי בטע,,,באן מאודה במילוי בטע,,0.00,,false,,0.00,0.0000,true,1,139668
7290112291394,true,באן מאודה במילוי בטע,,,באן מאודה במילוי בטע,,0.00,,false,,0.00,0.0000,true,1,139669
7290112291400,true,כריך כפול פטה-פלפלc,,,כריך כפול פטה-פלפלc,,0.00,,false,,12.00,0.0000,true,1,139675
7290112291417,true,כריך כפול גווקאמולי,,,כריך כפול גווקאמולי,,0.00,,false,,12.00,0.0000,true,1,139676
7290112291431,true,טורטיה מסאחן    cff,,,טורטיה מסאחן    cff,,0.00,,false,,10.00,0.0000,true,1,139678
7290112291479,true,"כוס פלסטיק 330 מ""ל",,,"כוס פלסטיק 330 מ""ל",,0.00,,false,,0.00,0.0000,true,1,139731
7290112291486,true,"כוס פלסטיק 500 מ""ל",,,"כוס פלסטיק 500 מ""ל",,0.00,,false,,0.00,0.0000,true,1,139732
7290112291493,true,"מכסה לכוס 250+330 מ""",,,"מכסה לכוס 250+330 מ""",,0.00,,false,,0.00,0.0000,true,1,139733
7290112330352,false,דנונה פרו 20 גר וניל,,,דנונה פרו 20 גר וניל,גרמים,200.00,100 גרם,false,,5.90,0.0295,true,1,146064
7290112330390,false,דנונה פרו 20 גר פירו,,,דנונה פרו 20 גר פירו,גרמים,200.00,100 גרם,false,,5.90,0.0295,true,1,154126
7290112332691,false,פינוקיות קרם פסק זמן,,,פינוקיות קרם פסק זמן,גרמים,200.00,100 גרם,false,,9.90,0.0495,true,1,144977
7290112332899,false,בזוקה פופים קלאסי 58,,,בזוקה פופים קלאסי 58,גרמים,58.00,100 גרם,false,,9.90,0.1707,true,1,144989
7290112335487,false,פריכיות 3 דגנים עם ק,,,פריכיות 3 דגנים עם ק,גרמים,135.00,100 גרם,false,,10.90,0.0807,true,1,152253
7290112335494,false,פריכיות תפוח אדמה 3,,,פריכיות תפוח אדמה 3,גרמים,135.00,100 גרם,false,,10.90,0.0807,true,1,152254
7290112335500,false,פריכיות חומוס אורז ע,,,פריכיות חומוס אורז ע,גרמים,135.00,100 גרם,false,,10.90,0.0807,true,1,152256
7290112336637,false,"סוכריות לל""ס יוגורט",,,"סוכריות לל""ס יוגורט",גרמים,80.00,100 גרם,false,,7.90,0.0988,true,1,148349
7290112336644,false,"סוכריות לל""ס לימון 8",,,"סוכריות לל""ס לימון 8",גרמים,80.00,100 גרם,false,,7.90,0.0988,true,1,148350
7290112337474,false,"סוכריות לל""ס פטל לימ",,,"סוכריות לל""ס פטל לימ",גרמים,80.00,100 גרם,false,,7.90,0.0988,true,1,148352
7290112337481,false,"סוכריות לל""ס קפוצינו",,,"סוכריות לל""ס קפוצינו",גרמים,80.00,100 גרם,false,,7.90,0.0988,true,1,148074
7290112339867,false,גמדים סקוויז בודד תו,,,גמדים סקוויז בודד תו,גרמים,100.00,100 גרם,false,,5.40,0.0540,true,1,143856
7290112339874,false,גמדים סקוויז בודד תו,,,גמדים סקוויז בודד תו,גרמים,100.00,100 גרם,false,,5.40,0.0540,true,1,143857
7290112340122,false,פריכיות 3 דגנים אנרג,,,פריכיות 3 דגנים אנרג,גרמים,135.00,100 גרם,false,,10.90,0.0807,true,1,152255
7290112340276,false,פינוקיות קרם קפה נמס,,,פינוקיות קרם קפה נמס,גרמים,200.00,100 גרם,false,,9.90,0.0495,true,1,144983
7290112341679,false,יוגורט פרוביוטי 3% א,,,יוגורט פרוביוטי 3% א,גרמים,200.00,100 גרם,false,,3.70,0.0185,true,1,146072
7290112341686,false,מארז אקטיביה 3% 150,,,מארז אקטיביה 3% 150,גרמים,1.20,100 גרם,false,,19.90,16.5833,true,1,146073
7290112343420,false,יטבתה פרו ארוחת בוקר,,,יטבתה פרו ארוחת בוקר,מיליליטרים,350.00,"100 מ""ל",false,,6.90,0.0197,true,1,146085
7290112343499,false,צ'יטוס פאפס 55 גרם,,,צ'יטוס פאפס 55 גרם,גרמים,55.00,100 גרם,false,,3.10,0.0564,true,1,156302
7290112343512,false,צ'יטוס פאפס 160 גרם,,,צ'יטוס פאפס 160 גרם,גרמים,160.00,100 גרם,false,,6.90,0.0431,true,1,156303
7290112344786,false,פלטינום קלאסיק 200 ג,,,פלטינום קלאסיק 200 ג,גרמים,200.00,100 גרם,false,,24.90,0.1245,true,1,147539
7290112346360,false,בפלות אחת אחת בציפוי,,,בפלות אחת אחת בציפוי,גרמים,180.00,100 גרם,false,,12.90,0.0717,true,1,147547
7290112346537,false,פינוקיות בטעם טורטית,,,פינוקיות בטעם טורטית,גרמים,200.00,100 גרם,false,,9.90,0.0495,true,1,161283
7290112347008,false,גמדים ארוחת בוקר תות,,,גמדים ארוחת בוקר תות,גרמים,100.00,100 גרם,false,,5.40,0.0540,true,1,146107
7290112348142,false,שעועית לבנה מבושלת ט,,,שעועית לבנה מבושלת ט,גרמים,380.00,100 גרם,false,,6.80,0.0179,true,1,148094
7290112348616,false,קפה נמס אגוזי לוז על,,,קפה נמס אגוזי לוז על,גרמים,100.00,100 גרם,false,,13.90,0.1390,true,1,152380
7290112348999,false,פריכיות תירס דקות  א,,,פריכיות תירס דקות  א,גרמים,135.00,100 גרם,false,,10.90,0.0807,true,1,153542
7290112349316,false,בזוקה ביג פופים בטעם,,,בזוקה ביג פופים בטעם,גרמים,86.00,100 גרם,false,,12.90,0.1500,true,1,147544
7290112349347,false,סוכריות FRESH בטעם מ,,,סוכריות FRESH בטעם מ,גרמים,15.00,100 גרם,false,,3.90,0.2600,true,1,152841
7290112349606,false,דניאלה תות בננה 88 ג,,,דניאלה תות בננה 88 ג,גרמים,88.00,100 גרם,false,,3.90,0.0443,true,1,157807
7290112349705,false,פומודור רוטב עגבניות,,,פומודור רוטב עגבניות,גרמים,350.00,100 גרם,false,,10.90,0.0311,true,1,146452
7290112349736,false,בזיליקום רוטב עגבניו,,,בזיליקום רוטב עגבניו,גרמים,350.00,100 גרם,false,,10.90,0.0311,true,1,146448
7290112349750,false,פיצה רוטב עגבניות לפ,,,פיצה רוטב עגבניות לפ,גרמים,350.00,100 גרם,false,,11.90,0.0340,true,1,146453
7290112354945,false,תפוציפס wavy טבעי  5,,,תפוציפס wavy טבעי  5,גרמים,50.00,100 גרם,false,,3.50,0.0700,true,1,161797
7290112354952,false,תפוציפס wavy פפריקה,,,תפוציפס wavy פפריקה,גרמים,50.00,100 גרם,false,,3.50,0.0700,true,1,161798
7290112355027,false,דנונה פרו 20 גרם בטע,,,דנונה פרו 20 גרם בטע,גרמים,200.00,100 גרם,false,,5.90,0.0295,true,1,152920
7290112355102,false,גמדים פאוץ סלט פירות,,,גמדים פאוץ סלט פירות,גרמים,100.00,100 גרם,false,,5.40,0.0540,true,1,153312
7290112357069,false,מחית עגבניות איטלקיו,,,מחית עגבניות איטלקיו,גרמים,500.00,100 גרם,false,,7.80,0.0156,true,1,148096
7290112357083,false,אפונה ירוקה מבושלת ט,,,אפונה ירוקה מבושלת ט,גרמים,380.00,100 גרם,false,,6.80,0.0179,true,1,148097
7290112357106,false,שעועית אדומה מבושלת,,,שעועית אדומה מבושלת,גרמים,380.00,100 גרם,false,,6.80,0.0179,true,1,148098
7290112357113,false,גרגרי חומוס טעם הטבע,,,גרגרי חומוס טעם הטבע,גרמים,380.00,100 גרם,false,,6.80,0.0179,true,1,148099
7290112358004,false,פסק זמן קראנץ' 32 גר,,,פסק זמן קראנץ' 32 גר,גרמים,32.00,100 גרם,false,,4.90,0.1531,true,1,152830
7290112358127,false,דנונה פרו 20 גר' עם,,,דנונה פרו 20 גר' עם,גרמים,200.00,100 גרם,false,,6.50,0.0325,true,1,152627
7290112490032,false,נמס בכוס מרק תירס קנ,,,נמס בכוס מרק תירס קנ,גרמים,45.00,100 גרם,false,,6.50,0.1444,true,1,141470
7290112490117,false,קליק XL שוקולד חלב ע,,,קליק XL שוקולד חלב ע,גרמים,85.00,100 גרם,false,,5.30,0.0624,true,1,140641
7290112490209,false,נמס בכוס מרק עגבניות,,,נמס בכוס מרק עגבניות,גרמים,56.00,100 גרם,false,,5.90,0.1054,true,1,141921
7290112490216,false,נמס בכוס מרק בטעם עו,,,נמס בכוס מרק בטעם עו,גרמים,48.00,100 גרם,false,,5.90,0.1229,true,1,141923
7290112490230,false,נמס בכוס מרק אפונה ק,,,נמס בכוס מרק אפונה ק,גרמים,50.00,100 גרם,false,,5.90,0.1180,true,1,141922
7290112490667,false,קונפיטורת משמש (778,,,קונפיטורת משמש (778,גרמים,340.00,100 גרם,false,,11.90,0.0350,true,1,143495
7290112490896,false,רוטב צ'ילי חריף קנור,,,רוטב צ'ילי חריף קנור,מיליליטרים,370.00,"100 מ""ל",false,,9.90,0.0268,true,1,144884
7290112491787,false,דקים דקים שומשום 300,,,דקים דקים שומשום 300,גרמים,300.00,100 גרם,false,,9.90,0.0330,true,1,144892
7290112492456,false,פינוק שמפו שיער יבש,,,פינוק שמפו שיער יבש,גרמים,700.00,100 גרם,false,,11.90,0.0170,true,1,147586
7290112492470,false,פינוק 2 ב-1 יבש 700,,,פינוק 2 ב-1 יבש 700,גרמים,700.00,100 גרם,false,,11.90,0.0170,true,1,154520
7290112492531,false,פינוק מרכך שיער רגיל,,,פינוק מרכך שיער רגיל,גרמים,700.00,100 גרם,false,,11.90,0.0170,true,1,145450
7290112492548,false,פינוק מרכך שיער יבש,,,פינוק מרכך שיער יבש,מיליליטרים,700.00,"100 מ""ל",false,,11.90,0.0170,true,1,147875
7290112492593,false,פינוק תח.רחצה קלאסי,,,פינוק תח.רחצה קלאסי,מיליליטרים,700.00,"100 מ""ל",false,,11.90,0.0170,true,1,145462
7290112492630,false,פינוק 3 ב-1 לגבר 700,,,פינוק 3 ב-1 לגבר 700,מיליליטרים,700.00,"100 מ""ל",false,,11.90,0.0170,true,1,154529
7290112492982,false,אבקת מרק פטריות מרכי,,,אבקת מרק פטריות מרכי,גרמים,400.00,100 גרם,false,,21.90,0.0547,true,1,153409
7290112492999,false,אבקת מרק בטעם עוף פר,,,אבקת מרק בטעם עוף פר,גרמים,400.00,100 גרם,false,,11.90,0.0298,true,1,146034
7290112493293,false,נמס בכוס מרק ירקות ק,,,נמס בכוס מרק ירקות ק,גרמים,44.00,100 גרם,false,,5.90,0.1341,true,1,145155
7290112493934,false,גלידת קרמיסימו 1.33,,,גלידת קרמיסימו 1.33,מיליליטרים,1330.00,"100 מ""ל",false,,17.90,0.0135,true,1,147515
7290112494221,false,קליק ביסקויט יוניליו,,,קליק ביסקויט יוניליו,גרמים,65.00,100 גרם,false,,5.90,0.0908,true,1,145451
7290112494238,false,קליק כדורים חלב תפזו,,,קליק כדורים חלב תפזו,גרמים,65.00,100 גרם,false,,5.90,0.0908,true,1,145452
7290112494283,false,קליק מעורב חום לבן ת,,,קליק מעורב חום לבן ת,גרמים,65.00,100 גרם,false,,5.90,0.0908,true,1,145454
7290112495020,false,כריות צ'וקולדה 686 ג,,,כריות צ'וקולדה 686 ג,גרמים,686.00,100 גרם,false,,23.90,0.0348,true,1,145457
7290112495105,false,נשנושים שמנת בצל 260,,,נשנושים שמנת בצל 260,גרמים,260.00,100 גרם,false,,11.90,0.0458,true,1,145459
7290112495174,false,נשנושי קרקר קוקטייל,,,נשנושי קרקר קוקטייל,גרמים,300.00,100 גרם,false,,17.90,0.0597,true,1,159656
7290112495433,false,דליפקאן 400 גרם,,,דליפקאן 400 גרם,גרמים,400.00,100 גרם,false,,19.90,0.0497,true,1,145008
7290112495754,false,הלמנס לסלט אלף האיים,,,הלמנס לסלט אלף האיים,מיליליטרים,305.00,"100 מ""ל",false,,9.90,0.0325,true,1,146637
7290112495785,false,הלמנ'ס לסלט שום 300,,,הלמנ'ס לסלט שום 300,גרמים,300.00,100 גרם,false,,10.90,0.0363,true,1,146459
7290112495792,false,הלמנס ר.לסלט שוםלייט,,,הלמנס ר.לסלט שוםלייט,גרמים,300.00,100 גרם,false,,9.90,0.0330,true,1,146460
7290112495815,false,הלמנ'ס סלט חרדל דבש,,,הלמנ'ס סלט חרדל דבש,גרמים,305.00,100 גרם,false,,9.90,0.0325,true,1,147414
7290112496270,false,"פתית צ'יפס תפו""א עם",,,"פתית צ'יפס תפו""א עם",גרמים,21.00,100 גרם,false,,4.90,0.2333,true,1,151933
7290112496287,false,פתית צ'יפס בטטה בטעם,,,פתית צ'יפס בטטה בטעם,גרמים,21.00,100 גרם,false,,4.90,0.2333,true,1,151934
7290112496294,false,פתית צ'יפס אפונה בתו,,,פתית צ'יפס אפונה בתו,גרמים,22.00,100 גרם,false,,4.90,0.2227,true,1,151935
7290112496430,false,נמס בכוס אקסטרה-קנור,,,נמס בכוס אקסטרה-קנור,גרמים,37.00,100 גרם,false,,4.90,0.1324,true,1,156555
7290112496461,false,נמס בכוס אקסטרה ירקו,,,נמס בכוס אקסטרה ירקו,גרמים,32.00,100 גרם,false,,4.90,0.1531,true,1,156556
7290112496584,false,קליק כריות בלאק לבן,,,קליק כריות בלאק לבן,גרמים,65.00,100 גרם,false,,5.90,0.0908,true,1,151939
7290112497499,false,קליק טבלת שוקולד לבן,,,קליק טבלת שוקולד לבן,גרמים,85.00,100 גרם,false,,5.30,0.0624,true,1,155192
7290112497710,false,בייבי שמפו אל דמע לת,,,בייבי שמפו אל דמע לת,מיליליטרים,900.00,"100 מ""ל",false,,19.90,0.0221,true,1,160158
7290112498526,false,פתית צ'יפס בטטה סגול,,,פתית צ'יפס בטטה סגול,גרמים,22.00,100 גרם,false,,4.90,0.2227,true,1,157317
7290112499103,false,טילון קורנטו קליק ונ,,,טילון קורנטו קליק ונ,גרמים,72.00,100 גרם,false,,6.90,0.0958,true,1,158891
7290112499127,false,מגנום שוקולד לבן תות,,,מגנום שוקולד לבן תות,Unknown,1.00,יחידה,false,,9.90,9.9000,true,1,158304
7290112499189,false,קרמיסימו חד קרן וניל,,,קרמיסימו חד קרן וניל,מיליליטרים,1330.00,"100 מ""ל",false,,17.90,0.0135,true,1,160129
7290112499479,false,פינוק שמפו קרטין 700,,,פינוק שמפו קרטין 700,גרמים,700.00,100 גרם,false,,11.90,0.0170,true,1,154533
7290112499639,false,טילון סופר מגנום וני,,,טילון סופר מגנום וני,Unknown,1.00,יחידה,false,,9.90,9.9000,true,1,146512
7290112499677,false,מגנום שוקiלד לבן,,,מגנום שוקiלד לבן,Unknown,1.00,יחידה,false,,9.90,9.9000,true,1,146513
7290112499844,false,מיני מגנום דואט שוקו,,,מיני מגנום דואט שוקו,Unknown,5.00,יחידה,false,,25.90,5.1800,true,1,146519
7290112499929,false,מגנום שוקולד,,,מגנום שוקולד,Unknown,1.00,יחידה,false,,9.90,9.9000,true,1,146515
7290112499936,false,מגנום שקדים מובחרים,,,מגנום שקדים מובחרים,Unknown,1.00,יחידה,false,,9.90,9.9000,true,1,146516
7290112961372,false,פיטנס חטיפי פריכיות,,,פיטנס חטיפי פריכיות,גרמים,60.00,100 גרם,false,,7.90,0.1317,true,1,148585
7290112961464,false,פיטנס חטיפי פריכיות,,,פיטנס חטיפי פריכיות,גרמים,60.00,100 גרם,false,,7.90,0.1317,true,1,148586
7290112964410,false,רוטב לסלט אלף האיים,,,רוטב לסלט אלף האיים,גרמים,290.00,100 גרם,false,,11.90,0.0410,true,1,145202
7290112964434,false,רוטב לסלט קיסר 295 ג,,,רוטב לסלט קיסר 295 ג,מיליליטרים,290.00,"100 מ""ל",false,,11.90,0.0410,true,1,145203
7290112964564,false,רוטב אלף האיים לייט,,,רוטב אלף האיים לייט,מיליליטרים,290.00,"100 מ""ל",false,,11.90,0.0410,true,1,145204
7290112964601,false,רוטב בנוסח סצ'ואן הס,,,רוטב בנוסח סצ'ואן הס,מיליליטרים,290.00,"100 מ""ל",false,,11.90,0.0410,true,1,148235
7290112965240,false,מרק נמס עגבניות רגע,,,מרק נמס עגבניות רגע,גרמים,60.00,100 גרם,false,,6.20,0.1033,true,1,148600
7290112965288,false,מרק נמס ירקות רגע חם,,,מרק נמס ירקות רגע חם,גרמים,56.00,100 גרם,false,,6.20,0.1107,true,1,152059
7290112965301,false,מרק נמס בטעם עוף עם,,,מרק נמס בטעם עוף עם,גרמים,52.00,100 גרם,false,,6.20,0.1192,true,1,146787
7290112965660,false,פיטנס חטיף מולטיגריי,,,פיטנס חטיף מולטיגריי,גרמים,25.00,100 גרם,false,,4.90,0.1960,true,1,152055
7290112965684,false,פיטנס חטיף מולטיגריי,,,פיטנס חטיף מולטיגריי,גרמים,25.00,100 גרם,false,,4.90,0.1960,true,1,152056
7290112965707,false,פיטנס חטיף מולטיגריי,,,פיטנס חטיף מולטיגריי,גרמים,25.00,100 גרם,false,,4.90,0.1960,true,1,152057
7290112966247,false,לחמית כוסמין 200 גרם,,,לחמית כוסמין 200 גרם,גרמים,200.00,100 גרם,false,,9.90,0.0495,true,1,156145
7290112966803,false,פודינג שוקולד 88 גרם,,,פודינג שוקולד 88 גרם,גרמים,88.00,100 גרם,false,,5.50,0.0625,true,1,148420
7290112968807,false,פיטנס קרקר THIN סלק,,,פיטנס קרקר THIN סלק,גרמים,140.00,100 גרם,false,,11.90,0.0850,true,1,154332
7290112968821,false,פיטנס קרקר THIN בטטה,,,פיטנס קרקר THIN בטטה,גרמים,140.00,100 גרם,false,,11.90,0.0850,true,1,154334
7290113190467,false,"אפונה ירוקה 1 ק""ג זי",,,"אפונה ירוקה 1 ק""ג זי",גרמים,1000.00,100 גרם,false,,7.50,0.0075,true,1,146996
7290113190474,false,"בורגול 1 ק""ג זיפר -",,,"בורגול 1 ק""ג זיפר -",גרמים,1000.00,100 גרם,false,,6.50,0.0065,true,1,146997
7290113190528,false,"חיטה 1 ק""ג זיפר - רמ",,,"חיטה 1 ק""ג זיפר - רמ",גרמים,1000.00,100 גרם,false,,6.50,0.0065,true,1,147001
7290113190535,false,"כוסמת קלויה 1 ק""ג זי",,,"כוסמת קלויה 1 ק""ג זי",גרמים,1000.00,100 גרם,false,,8.50,0.0085,true,1,147002
7290113190542,false,לוביה 900 גרם זיפר -,,,לוביה 900 גרם זיפר -,גרמים,900.00,100 גרם,false,,16.90,0.0188,true,1,147003
7290113190573,false,"עדשים שחורות 1 ק""ג ז",,,"עדשים שחורות 1 ק""ג ז",גרמים,1000.00,100 גרם,false,,13.90,0.0139,true,1,146992
7290113190580,false,"עדשים אדומות 1 ק""ג ז",,,"עדשים אדומות 1 ק""ג ז",גרמים,1000.00,100 גרם,false,,10.90,0.0109,true,1,146993
7290113190597,false,"עדשים ירוקות 1 ק""ג ז",,,"עדשים ירוקות 1 ק""ג ז",גרמים,1000.00,100 גרם,false,,10.90,0.0109,true,1,146994
7290113191747,false,דפי אורז מרובעים 22,,,דפי אורז מרובעים 22,גרמים,250.00,100 גרם,false,,9.90,0.0396,true,1,148363
7290113192102,false,דפי אורז עגול קטן 16,,,דפי אורז עגול קטן 16,גרמים,250.00,100 גרם,false,,9.90,0.0396,true,1,148364
7290113192324,false,בית השיטה זיתים ירוק,,,בית השיטה זיתים ירוק,גרמים,340.00,100 גרם,false,,10.90,0.0321,true,1,151664
7290113192355,false,חרוזית זיתים ירוקים,,,חרוזית זיתים ירוקים,גרמים,275.00,100 גרם,false,,10.50,0.0382,true,1,146906
7290113192362,false,בית השיטה טבעות זיתי,,,בית השיטה טבעות זיתי,גרמים,280.00,100 גרם,false,,9.90,0.0354,true,1,151666
7290113192379,false,ב.הש.זיתים ירוקים מב,,,ב.הש.זיתים ירוקים מב,גרמים,340.00,100 גרם,false,,10.90,0.0321,true,1,148635
7290113192393,false,קוקטייל זיתים בית הש,,,קוקטייל זיתים בית הש,גרמים,336.00,100 גרם,false,,10.90,0.0324,true,1,145656
7290113192478,false,מלפפונים במלח בינוני,,,מלפפונים במלח בינוני,גרמים,320.00,100 גרם,false,,8.50,0.0266,true,1,148237
7290113192485,false,מלפפונים בחומץ בינונ,,,מלפפונים בחומץ בינונ,גרמים,290.00,100 גרם,false,,8.50,0.0293,true,1,147768
7290113192508,false,מלפפונים במלח  קטן 1,,,מלפפונים במלח  קטן 1,גרמים,320.00,100 גרם,false,,10.90,0.0341,true,1,147769
7290113192515,false,מלפפון במלח בית השיט,,,מלפפון במלח בית השיט,גרמים,320.00,100 גרם,false,,12.90,0.0403,true,1,147767
7290113192522,false,מלפפון בחומץ בית השי,,,מלפפון בחומץ בית השי,גרמים,290.00,100 גרם,false,,12.90,0.0445,true,1,148238
7290113192539,false,מלפפונים במלח גדול 7,,,מלפפונים במלח גדול 7,גרמים,560.00,100 גרם,false,,6.40,0.0114,true,1,147770
7290113192546,false,בית השיטה מלפפון בחו,,,בית השיטה מלפפון בחו,גרמים,560.00,100 גרם,false,,6.40,0.0114,true,1,148239
7290113192560,false,בית השיטה פלפל שיפקה,,,בית השיטה פלפל שיפקה,גרמים,230.00,100 גרם,false,,7.90,0.0343,true,1,151670
7290113192577,false,בית השיטה כרוב כבוש,,,בית השיטה כרוב כבוש,גרמים,430.00,100 גרם,false,,6.90,0.0160,true,1,151671
7290113193321,false,שמן זית כתית מעולה ב,,,שמן זית כתית מעולה ב,מיליליטרים,750.00,"100 מ""ל",false,,29.90,0.0399,true,1,152428
7290113194649,false,מלפפונים במלח קוביות,,,מלפפונים במלח קוביות,גרמים,320.00,100 גרם,false,,9.90,0.0309,true,1,159321
7290113195271,false,ממרח פלפלים פיקנטיים,,,ממרח פלפלים פיקנטיים,גרמים,360.00,100 גרם,false,,11.90,0.0331,true,1,153023
7290113195479,false,קמח שקדים 200 גרם -,,,קמח שקדים 200 גרם -,גרמים,200.00,100 גרם,false,,15.90,0.0795,true,1,153008
7290113196506,false,פריכיות כוסמת ללא מל,,,פריכיות כוסמת ללא מל,גרמים,150.00,100 גרם,false,,11.90,0.0793,true,1,156645
7290113196513,false,פריכיות כוסמת בתוספת,,,פריכיות כוסמת בתוספת,גרמים,150.00,100 גרם,false,,11.90,0.0793,true,1,156646
7290113196520,false,פריכיות כוסמין ללא מ,,,פריכיות כוסמין ללא מ,גרמים,150.00,100 גרם,false,,11.90,0.0793,true,1,156647
7290113196896,false,תרסיס שמן זית שקדיה,,,תרסיס שמן זית שקדיה,מיליליטרים,170.00,"100 מ""ל",false,,14.90,0.0876,true,1,156648
7290113470026,false,גפרורים אקסטרה לארג',,,גפרורים אקסטרה לארג',Unknown,3.00,יחידה,false,,6.90,2.3000,true,1,145365
7290113470286,false,מגבונים לניקוי כללי,,,מגבונים לניקוי כללי,Unknown,400.00,יחידה,false,,18.90,0.0472,true,1,147583
7290113470958,false,כפפות ניטריל M שחור,,,כפפות ניטריל M שחור,Unknown,100.00,יחידה,false,,25.90,0.2590,true,1,146987
7290113470972,false,כפפות ניטריל XL שחור,,,כפפות ניטריל XL שחור,Unknown,100.00,יחידה,false,,25.90,0.2590,true,1,147657
7290113471597,false,סבון אסלה לבנדר רמי,,,סבון אסלה לבנדר רמי,Unknown,1.00,יחידה,false,,10.90,10.9000,true,1,148053
7290113472075,false,שום ארוז יבוא,,,שום ארוז יבוא,מארז,1.00,מארז,false,,7.90,7.9000,true,1,147231
7290113476295,false,50 להבונים בשקית,,,50 להבונים בשקית,Unknown,50.00,יחידה,false,,10.90,0.2180,true,1,152751
7290113476301,false,נר נשמה 24 שעות,,,נר נשמה 24 שעות,Unknown,1.00,יחידה,false,,1.90,1.9000,true,1,152749
7290113476325,false,נר נשמה שבועי,,,נר נשמה שבועי,Unknown,1.00,יחידה,false,,9.60,9.6000,true,1,152752
7290113479708,false,נייר מגבת למטבח (235,,,נייר מגבת למטבח (235,Unknown,235.00,יחידה,false,,13.90,0.0591,true,1,154322
7290113627376,false,צימוק בהיר גדול נספא,,,צימוק בהיר גדול נספא,גרמים,300.00,100 גרם,false,,17.90,0.0597,true,1,153625
7290113627604,false,צימוק כהה נספאק 220,,,צימוק כהה נספאק 220,גרמים,220.00,100 גרם,false,,9.90,0.0450,true,1,154123
7290113761919,false,מכשיר ג'נסיס שחור,,,מכשיר ג'נסיס שחור,Unknown,1.00,יחידה,false,,349.00,349.0000,true,1,153650
7290114310215,false,שמנת מתוקה 38% 250 מ,,,שמנת מתוקה 38% 250 מ,מיליליטרים,250.00,"100 מ""ל",false,,6.47,0.0259,true,1,153488
7290114310222,false,חלב מועשר בסידן וויט,,,חלב מועשר בסידן וויט,מיליליטרים,1500.00,"100 מ""ל",false,,12.90,0.0086,true,1,148331
7290114310611,false,"משקה חלב בננה 250 מ""",,,"משקה חלב בננה 250 מ""",מיליליטרים,250.00,"100 מ""ל",false,,5.50,0.0220,true,1,154326
7290114310628,false,משקה חלב וניל עוגיות,,,משקה חלב וניל עוגיות,מיליליטרים,1000.00,"100 מ""ל",false,,8.90,0.0089,true,1,154570
7290114310901,false,גבינה לבנה 5% טרה 25,,,גבינה לבנה 5% טרה 25,גרמים,250.00,100 גרם,false,,4.98,0.0199,true,1,155988
7290114311069,false,מולר אקטיב 25 גרם חל,,,מולר אקטיב 25 גרם חל,גרמים,200.00,100 גרם,false,,5.90,0.0295,true,1,158747
7290114311076,false,חמאה מולר צהובה עם ש,,,חמאה מולר צהובה עם ש,גרמים,200.00,100 גרם,false,,12.90,0.0645,true,1,159973
7290114311298,false,קציפת תות בננה מלון,,,קציפת תות בננה מלון,גרמים,150.00,100 גרם,false,,4.80,0.0320,true,1,160269
7290114311304,false,קציפת מנגו פסיפלורה,,,קציפת מנגו פסיפלורה,גרמים,150.00,100 גרם,false,,4.80,0.0320,true,1,160270
7290114311359,false,קציפת מנגו 3% שומן מ,,,קציפת מנגו 3% שומן מ,גרמים,150.00,100 גרם,false,,4.80,0.0320,true,1,160271
7290114311458,false,חלב 3% מועשר וויטמין,,,חלב 3% מועשר וויטמין,מיליליטרים,1000.00,"100 מ""ל",false,,7.50,0.0075,true,1,161243
7290114600927,false,עלי טורטיה מחיטה מלא,,,עלי טורטיה מחיטה מלא,גרמים,320.00,100 גרם,false,,9.90,0.0309,true,1,152158
7290114603539,false,מאסטר שף קרוטונים למ,,,מאסטר שף קרוטונים למ,גרמים,350.00,100 גרם,false,,19.90,0.0569,true,1,153085
7290114604871,false,קוסקוס סולת בינוני מ,,,קוסקוס סולת בינוני מ,גרמים,350.00,100 גרם,false,,5.90,0.0169,true,1,152884
7290114604925,false,מאסטר שף קרם קוקוס ל,,,מאסטר שף קרם קוקוס ל,מיליליטרים,400.00,"100 מ""ל",false,,9.90,0.0248,true,1,156836
7290114606578,false,שקדי מרק מאסטר שף 40,,,שקדי מרק מאסטר שף 40,גרמים,400.00,100 גרם,false,,9.90,0.0248,true,1,156811
7290114608640,false,קרוטונים אפויים לסלט,,,קרוטונים אפויים לסלט,גרמים,260.00,100 גרם,false,,19.90,0.0765,true,1,156017
7290115200027,false,פתי בר פינוקי שוקו א,,,פתי בר פינוקי שוקו א,גרמים,220.00,100 גרם,false,,9.90,0.0450,true,1,151754
7290115200676,false,קרמוגית קרמל מלוח 20,,,קרמוגית קרמל מלוח 20,גרמים,200.00,100 גרם,false,,10.90,0.0545,true,1,152361
7290115200713,false,במבה קלאסי מארז אחיד,,,במבה קלאסי מארז אחיד,גרמים,250.00,100 גרם,false,,11.90,0.0476,true,1,151749
7290115201031,false,אסם פתי בר דובוני שו,,,אסם פתי בר דובוני שו,גרמים,175.00,100 גרם,false,,9.90,0.0566,true,1,154026
7290115201727,false,ביסלי בצל 200 גרם,,,ביסלי בצל 200 גרם,גרמים,200.00,100 גרם,false,,7.90,0.0395,true,1,152588
7290115203134,false,פופקו פופקורן במבה 8,,,פופקו פופקורן במבה 8,גרמים,80.00,100 גרם,false,,4.90,0.0613,true,1,154577
7290115203172,false,במבה פרו 80 גרם,,,במבה פרו 80 גרם,גרמים,80.00,100 גרם,false,,4.90,0.0613,true,1,160982
7290115203486,false,פירורית בטעם ביסלי ג,,,פירורית בטעם ביסלי ג,גרמים,200.00,100 גרם,false,,6.40,0.0320,true,1,154404
7290115203806,false,"רוטב בסיס אסם 290 מ""",,,"רוטב בסיס אסם 290 מ""",מיליליטרים,290.00,"100 מ""ל",false,,11.90,0.0410,true,1,156375
7290115204056,false,קטשופ מופחת סוכר ללא,,,קטשופ מופחת סוכר ללא,גרמים,690.00,100 גרם,false,,11.90,0.0172,true,1,153194
7290115205176,false,פיטנס חטיפי קרקר טינ,,,פיטנס חטיפי קרקר טינ,גרמים,140.00,100 גרם,false,,11.90,0.0850,true,1,157858
7290115205312,false,פיטנס קרקר Thin Deli,,,פיטנס קרקר Thin Deli,גרמים,140.00,100 גרם,false,,11.90,0.0850,true,1,159326
7290115205541,false,פיטנס חטיף מולטיגריי,,,פיטנס חטיף מולטיגריי,גרמים,25.00,100 גרם,false,,4.90,0.1960,true,1,160035
7290115207620,false,רוטב בסגנון סויה קלא,,,רוטב בסגנון סויה קלא,מיליליטרים,290.00,"100 מ""ל",false,,11.90,0.0410,true,1,159639
7290115207941,false,ויטמינצ'יק אננס 1 לי,,,ויטמינצ'יק אננס 1 לי,מיליליטרים,1000.00,"100 מ""ל",false,,21.90,0.0219,true,1,158151
7290115208009,false,ויטמינצ'יק ענבים 1 ל,,,ויטמינצ'יק ענבים 1 ל,מיליליטרים,1000.00,"100 מ""ל",false,,21.90,0.0219,true,1,158154
7290115208047,false,ויטמינצ'יק פטל 1 ליט,,,ויטמינצ'יק פטל 1 ליט,מיליליטרים,1000.00,"100 מ""ל",false,,21.90,0.0219,true,1,158155
7290115208061,false,ויטמינצ'יק תפוח 1 לי,,,ויטמינצ'יק תפוח 1 לי,מיליליטרים,1000.00,"100 מ""ל",false,,21.90,0.0219,true,1,158156
7290115208344,false,בייגלה כפיות שמנת בצ,,,בייגלה כפיות שמנת בצ,גרמים,300.00,100 גרם,false,,10.90,0.0363,true,1,160985
7290115208566,false,קרמוגית מיניס קרם בי,,,קרמוגית מיניס קרם בי,גרמים,200.00,100 גרם,false,,10.90,0.0545,true,1,160218
7290115208801,false,לחמית דבש ואגוזים 19,,,לחמית דבש ואגוזים 19,גרמים,190.00,100 גרם,false,,9.90,0.0521,true,1,160986
7290115209174,false,במבה אורירית אסם 60,,,במבה אורירית אסם 60,גרמים,60.00,100 גרם,false,,4.30,0.0717,true,1,160036
7290115400847,false,עוגיות פרפריות רמי ל,,,עוגיות פרפריות רמי ל,גרמים,500.00,100 גרם,false,,14.90,0.0298,true,1,159582
7290115400861,false,עוגיות מעמול תמר רמי,,,עוגיות מעמול תמר רמי,גרמים,500.00,100 גרם,false,,14.90,0.0298,true,1,159584
7290115400878,false,עוגיות ממולאות בטעם,,,עוגיות ממולאות בטעם,גרמים,500.00,100 גרם,false,,14.90,0.0298,true,1,159585
7290115400885,false,עוגיות עינוגי שוקולד,,,עוגיות עינוגי שוקולד,גרמים,500.00,100 גרם,false,,14.90,0.0298,true,1,159586
7290115400908,false,עוגיות מגולגלות תמרי,,,עוגיות מגולגלות תמרי,גרמים,500.00,100 גרם,false,,14.90,0.0298,true,1,159587
7290115401097,false,עוגיות נסיכה בטעם תו,,,עוגיות נסיכה בטעם תו,גרמים,500.00,100 גרם,false,,14.90,0.0298,true,1,159588
7290115401103,false,עוגיות נסיכה מיקס רמ,,,עוגיות נסיכה מיקס רמ,גרמים,500.00,100 גרם,false,,14.90,0.0298,true,1,159589
7290115401110,false,עוגיות בסגנון מרוקאי,,,עוגיות בסגנון מרוקאי,גרמים,500.00,100 גרם,false,,14.90,0.0298,true,1,159590
7290115401158,false,עוגיוים מלוחות קריספ,,,עוגיוים מלוחות קריספ,גרמים,500.00,100 גרם,false,,14.90,0.0298,true,1,159591
7290115401172,false,עוגיות פסים עלים מסו,,,עוגיות פסים עלים מסו,גרמים,500.00,100 גרם,false,,14.90,0.0298,true,1,159592
7290115410969,false,סלט חומוס לפיתה רמי,,,סלט חומוס לפיתה רמי,גרמים,700.00,100 גרם,false,,10.90,0.0156,true,1,153092
7290115671308,false,תות דובדבן מאסט פאן,,,תות דובדבן מאסט פאן,גרמים,58.00,100 גרם,false,,9.90,0.1707,true,1,157834
7290115671339,false,מיני פינוקיות בראוני,,,מיני פינוקיות בראוני,גרמים,180.00,100 גרם,false,,9.90,0.0550,true,1,156092
7290115678376,false,מעדן הגולן שוקולד 12,,,מעדן הגולן שוקולד 12,גרמים,125.00,100 גרם,false,,2.90,0.0232,true,1,156076
7290115678383,false,מעדן הגולן שוקולד מר,,,מעדן הגולן שוקולד מר,גרמים,125.00,100 גרם,false,,2.90,0.0232,true,1,156077
7290115678970,false,שלישיית סוכריות FRES,,,שלישיית סוכריות FRES,גרמים,45.00,100 גרם,false,,8.90,0.1978,true,1,156091
7290115679960,false,ציטוס פופקורן טבעי 6,,,ציטוס פופקורן טבעי 6,גרמים,60.00,100 גרם,false,,5.00,0.0833,true,1,156304
7290116052724,false,מזלג שקוף רמי לוי 40,,,מזלג שקוף רמי לוי 40,100 יחידה,40.00,100 יחידה,false,,8.90,0.2225,true,1,160589
7290116053189,false,אטבי כביסה עץ 24 יח',,,אטבי כביסה עץ 24 יח',Unknown,24.00,יחידה,false,,7.90,0.3292,true,1,161288
7290116053561,false,מספריים רב שימושיות,,,מספריים רב שימושיות,Unknown,1.00,יחידה,false,,16.90,16.9000,true,1,161706
7290116054230,false,צלחת 8.5 לבן בסט ולי,,,צלחת 8.5 לבן בסט ולי,Unknown,50.00,יחידה,false,,17.90,0.3580,true,1,159224
7290116055657,false,כוס חם 8 (40 יח') רמ,,,כוס חם 8 (40 יח') רמ,100 יחידה,40.00,100 יחידה,false,,9.90,0.2475,true,1,160095
7290116055732,false,כוס חם 4 אוז 40 יח',,,כוס חם 4 אוז 40 יח',100 יחידה,40.00,100 יחידה,false,,5.90,0.1475,true,1,160098
7290116056302,false,צלחת 9 לבן 50 יחידות,,,צלחת 9 לבן 50 יחידות,Unknown,1.00,יחידה,false,,21.90,21.9000,true,1,159124
7290116530161,false,פינוק תחליב רחצה 700,,,פינוק תחליב רחצה 700,מיליליטרים,700.00,"100 מ""ל",false,,11.90,0.0170,true,1,154523
7290116530185,false,דלישקד 400 גרם תלמה,,,דלישקד 400 גרם תלמה,גרמים,400.00,100 גרם,false,,20.90,0.0522,true,1,156576
7290116530482,false,מאגדת קורנפלקס של אל,,,מאגדת קורנפלקס של אל,גרמים,150.00,100 גרם,false,,13.90,0.0927,true,1,156127
7290116530871,false,נשנושים מיקס 240 גרם,,,נשנושים מיקס 240 גרם,גרמים,240.00,100 גרם,false,,11.90,0.0496,true,1,159877
7290116531496,false,קינמונים דגני בוקר,,,קינמונים דגני בוקר,גרמים,375.00,100 גרם,false,,20.90,0.0557,true,1,159880
7290116532219,false,קורנפלקס תות דגני בו,,,קורנפלקס תות דגני בו,גרמים,448.00,100 גרם,false,,16.90,0.0377,true,1,159881
7290116532400,false,בייגלה עם מלח אחד אח,,,בייגלה עם מלח אחד אח,גרמים,235.00,100 גרם,false,,6.90,0.0294,true,1,160160
7290116532462,false,פיינט קליק שוקולד בנ,,,פיינט קליק שוקולד בנ,מיליליטרים,520.00,"100 מ""ל",false,,17.90,0.0344,true,1,160008
7290116532486,false,פיינט קליק וניל קרמל,,,פיינט קליק וניל קרמל,מיליליטרים,520.00,"100 מ""ל",false,,17.90,0.0344,true,1,160010
7290116532769,false,גרנולה פרוטאין בתוספ,,,גרנולה פרוטאין בתוספ,גרמים,300.00,100 גרם,false,,14.90,0.0497,true,1,160161
7290116930435,false,יוגורט יופלה גו סמיך,,,יוגורט יופלה גו סמיך,גרמים,200.00,100 גרם,false,,5.90,0.0295,true,1,159581
7290116930442,false,יופלה שייק בננה  מנג,,,יופלה שייק בננה  מנג,מיליליטרים,230.00,"100 מ""ל",false,,7.90,0.0343,true,1,160104
7290116930459,false,יופלה שייק בננה  אננ,,,יופלה שייק בננה  אננ,מיליליטרים,230.00,"100 מ""ל",false,,7.90,0.0343,true,1,160105
7290116930466,false,יופלה שייק מנגו  בננ,,,יופלה שייק מנגו  בננ,מיליליטרים,230.00,"100 מ""ל",false,,7.90,0.0343,true,1,160106
7290116930480,false,יופלה שייק בננה  קיו,,,יופלה שייק בננה  קיו,מיליליטרים,230.00,"100 מ""ל",false,,7.90,0.0343,true,1,160107
7290116930626,false,ארוחה בקטנה ציזיקי ע,,,ארוחה בקטנה ציזיקי ע,גרמים,150.00,100 גרם,false,,8.50,0.0567,true,1,160882
7290116930701,false,מעדן חלב גו בטעם קרמ,,,מעדן חלב גו בטעם קרמ,גרמים,120.00,100 גרם,false,,4.90,0.0408,true,1,160113
7290116931081,false,מעדן סויה בטעם טופי,,,מעדן סויה בטעם טופי,גרמים,125.00,100 גרם,false,,3.90,0.0312,true,1,160884
7290116931104,false,יופלה גו במרקם סמיך,,,יופלה גו במרקם סמיך,גרמים,200.00,100 גרם,false,,5.90,0.0295,true,1,160885
7290117260173,false,קמח חיטה רב תכליתי ו,,,קמח חיטה רב תכליתי ו,פריט,1.00,"ק""ג",false,,7.90,7.9000,true,1,158715
7290117260432,false,פטריות חתוכות רמי לו,,,פטריות חתוכות רמי לו,גרמים,400.00,100 גרם,false,,4.90,0.0123,true,1,159729
7290117261514,false,סלמון אטלנטי בשמן קנ,,,סלמון אטלנטי בשמן קנ,גרמים,120.00,100 גרם,false,,10.90,0.0908,true,1,161122
7290117261569,false,סלמון אטלנטי מעושן ב,,,סלמון אטלנטי מעושן ב,גרמים,120.00,100 גרם,false,,10.90,0.0908,true,1,161125
7290117261583,false,סרדינים בריסלינג מעו,,,סרדינים בריסלינג מעו,גרמים,185.00,100 גרם,false,,13.90,0.0751,true,1,161543
7290117262047,false,וופל במילוי בטעם בננ,,,וופל במילוי בטעם בננ,גרמים,200.00,100 גרם,false,,14.90,0.0745,true,1,160273
7290117262061,false,וופל במילוי קרם בטעם,,,וופל במילוי קרם בטעם,גרמים,200.00,100 גרם,false,,14.90,0.0745,true,1,160275
7290117380215,false,פוף קראנצ בטעם טאקו,,,פוף קראנצ בטעם טאקו,גרמים,60.00,100 גרם,false,,3.90,0.0650,true,1,157407
7290117900932,false,גרעיני אבטיח קלויים,,,גרעיני אבטיח קלויים,גרמים,130.00,100 גרם,false,,10.90,0.0838,true,1,160326
7290117900949,false,בוטנים מצופים אמריקא,,,בוטנים מצופים אמריקא,גרמים,250.00,100 גרם,false,,10.90,0.0436,true,1,160327
7290117900956,false,תערובת פיצוחים קלויי,,,תערובת פיצוחים קלויי,גרמים,180.00,100 גרם,false,,15.90,0.0883,true,1,160328
7290117900963,false,בוטנים קלויים ששון ה,,,בוטנים קלויים ששון ה,גרמים,270.00,100 גרם,false,,10.90,0.0404,true,1,160329
7290117900970,false,שקדים קלויים ששון הק,,,שקדים קלויים ששון הק,גרמים,180.00,100 גרם,false,,15.90,0.0883,true,1,160330
7290117900994,false,פקאן סיני מסוכר ששון,,,פקאן סיני מסוכר ששון,גרמים,140.00,100 גרם,false,,15.90,0.1136,true,1,160332
7290117901007,false,פיסטוקים קלויים ששון,,,פיסטוקים קלויים ששון,גרמים,130.00,100 גרם,false,,15.90,0.1223,true,1,160333
7290117901014,false,קשיו קלוי ששון הקולה,,,קשיו קלוי ששון הקולה,גרמים,160.00,100 גרם,false,,15.90,0.0994,true,1,160334
7290117901038,false,אגוזי מלך קלופים ששו,,,אגוזי מלך קלופים ששו,גרמים,190.00,100 גרם,false,,15.90,0.0837,true,1,160336
7290117901045,false,בוטן רביולי ששון הקו,,,בוטן רביולי ששון הקו,גרמים,200.00,100 גרם,false,,15.90,0.0795,true,1,160337
7290117901052,false,שקדים קלופים ששון הק,,,שקדים קלופים ששון הק,גרמים,180.00,100 גרם,false,,15.90,0.0883,true,1,160338
7290118072515,false,מחבת ווד אדישן מקצוע,,,מחבת ווד אדישן מקצוע,Unknown,1.00,יחידה,false,,69.90,69.9000,true,1,161741
7290118073529,false,קופסת אחסון פלסטיק 2,,,קופסת אחסון פלסטיק 2,Unknown,1.00,יחידה,false,,29.90,29.9000,true,1,161710
7291008085035,true,"תמר מג""הול 200 גרם",,,"תמר מג""הול 200 גרם",,0.00,,false,,5.00,0.0000,true,1,133075
7291044077209,false,מארז סוללות 12 יח,,,מארז סוללות 12 יח,Unknown,1.00,יחידה,false,,14.90,14.9000,true,1,143215
7293110630409,true,סט יופי - צעצוע,,,סט יופי - צעצוע,,0.00,,false,,5.00,0.0000,true,1,136069
7293110630416,true,סט כלי עבודה - צעצוע,,,סט כלי עבודה - צעצוע,,0.00,,false,,5.00,0.0000,true,1,136070
7293110630423,true,סט רופא - צעצוע,,,סט רופא - צעצוע,,0.00,,false,,5.00,0.0000,true,1,136071
7293110630430,true,משחק דגים - צעצוע,,,משחק דגים - צעצוע,,0.00,,false,,5.00,0.0000,true,1,136072
7293110630447,true,חיות בשקית - צעצוע,,,חיות בשקית - צעצוע,,0.00,,false,,5.00,0.0000,true,1,136073
7293110630454,true,סט שוטר,,,סט שוטר,,0.00,,false,,5.00,0.0000,true,1,136074
7297535004488,true,זוג ציפיות,,,זוג ציפיות,,0.00,,false,,10.00,0.0000,true,1,133115
7297535007304,true,זוג ציפיות,,,זוג ציפיות,,0.00,,false,,5.00,0.0000,true,1,134195
7312040017683,false,"וודקה אבסולוט 700 מ""",,,"וודקה אבסולוט 700 מ""",מיליליטרים,700.00,"100 מ""ל",false,,67.90,0.0970,true,1,137301
7394376616778,false,משקה שיבולת שועל להק,,,משקה שיבולת שועל להק,מיליליטרים,1000.00,"100 מ""ל",false,,15.90,0.0159,true,1,149746
7501013101348,false,ג'ומקס נקטר מנגו 473,,,ג'ומקס נקטר מנגו 473,מיליליטרים,473.00,"100 מ""ל",false,,8.40,0.0178,true,1,145143
7501013101393,false,ג'ומקס משקה אננס 473,,,ג'ומקס משקה אננס 473,מיליליטרים,473.00,"100 מ""ל",false,,8.40,0.0178,true,1,145145
7501013122114,false,ג'ומקס משקה אננס קרט,,,ג'ומקס משקה אננס קרט,מיליליטרים,1000.00,"100 מ""ל",false,,9.50,0.0095,true,1,144934
7501035010109,true,טקילה קוורבו אספסיאל,,,טקילה קוורבו אספסיאל,,0.00,,false,,0.00,0.0000,true,1,134811
7501035042155,true,טקילה קוורבו גולד 1,,,טקילה קוורבו גולד 1,,0.00,,false,,0.00,0.0000,true,1,135683
7501064191398,false,בירה קורונה שישייה 3,,,בירה קורונה שישייה 3,מיליליטרים,2130.00,"100 מ""ל",false,,34.90,0.0164,true,1,144486
7610100034084,false,מיונז טומי 265 גרם,,,מיונז טומי 265 גרם,גרמים,265.00,100 גרם,false,,14.90,0.0562,true,1,144424
7613032202149,true,סוכריות סמרטיז 38 גר,,,סוכריות סמרטיז 38 גר,,0.00,,false,,0.00,0.0000,true,1,138268
7613034928931,true,קיט קאט אצבעות 45 גר,,,קיט קאט אצבעות 45 גר,,0.00,,false,,0.00,0.0000,true,1,134798
7613035548374,false,גולדן מיניס 570 גרם,,,גולדן מיניס 570 גרם,גרמים,570.00,100 גרם,false,,19.90,0.0349,true,1,141330
7613035622623,false,פיטנס גרנולה שקדים ו,,,פיטנס גרנולה שקדים ו,גרמים,300.00,100 גרם,false,,14.90,0.0497,true,1,141331
7613035635845,false,פיטנס גרנולה שוקולד,,,פיטנס גרנולה שוקולד,גרמים,300.00,100 גרם,false,,14.90,0.0497,true,1,141332
7613035807778,false,פרפקטו רוטב עגבניות,,,פרפקטו רוטב עגבניות,גרמים,400.00,100 גרם,false,,8.90,0.0223,true,1,144015
7613035809109,false,פרפקטו רוטב עגבניות,,,פרפקטו רוטב עגבניות,גרמים,400.00,100 גרם,false,,8.90,0.0223,true,1,144016
7613035809857,false,פרפקטו רוטב עגבניות,,,פרפקטו רוטב עגבניות,גרמים,400.00,100 גרם,false,,8.90,0.0223,true,1,142550
7613036880534,false,גרבר מחית מרק ירקות,,,גרבר מחית מרק ירקות,גרמים,190.00,100 גרם,false,,5.90,0.0311,true,1,145608
7613287121783,false,סמארטיס מיני 187 גרם,,,סמארטיס מיני 187 גרם,גרמים,187.00,100 גרם,false,,14.90,0.0797,true,1,154582
7613287394323,false,מולטי ציריוס 600 גרם,,,מולטי ציריוס 600 גרם,גרמים,600.00,100 גרם,false,,22.90,0.0382,true,1,154552
7613287654151,false,קראנץ' כריות שוקו בנ,,,קראנץ' כריות שוקו בנ,גרמים,385.00,100 גרם,false,,19.90,0.0517,true,1,155187
7622010001858,false,אוראו וניל 176 גרם ב,,,אוראו וניל 176 גרם ב,גרמים,176.00,100 גרם,false,,9.90,0.0563,true,1,138861
7622200006472,true,מילקה - שוקולד מריר,,,מילקה - שוקולד מריר,,0.00,,false,,5.00,0.0000,true,1,133311
7622201050757,false,שוקולד חלב במילוי קר,,,שוקולד חלב במילוי קר,גרמים,100.00,100 גרם,false,,6.90,0.0690,true,1,133312
7622201137052,false,מילקה מיני קוקיז 110,,,מילקה מיני קוקיז 110,גרמים,110.00,100 גרם,false,,9.90,0.0900,true,1,161472
7622201401900,false,עוגיות מילקה סנסיישן,,,עוגיות מילקה סנסיישן,גרמים,156.00,100 גרם,false,,10.90,0.0699,true,1,152659
7622201502515,false,מילקה קוקי לופ 132 ג,,,מילקה קוקי לופ 132 ג,גרמים,132.00,100 גרם,false,,11.90,0.0902,true,1,156868
7622201798154,false,גבינת שמנת פילדלפיה,,,גבינת שמנת פילדלפיה,גרמים,150.00,100 גרם,false,,14.90,0.0993,true,1,156360
7622201802363,false,שוקולד חלב עם אגוזים,,,שוקולד חלב עם אגוזים,גרמים,100.00,100 גרם,false,,6.90,0.0690,true,1,156314
7622201802394,false,שוקולד חלב מילקה 100,,,שוקולד חלב מילקה 100,גרמים,100.00,100 גרם,false,,6.90,0.0690,true,1,156315
7622201808631,false,אוראו מיני כוסות בטע,,,אוראו מיני כוסות בטע,גרמים,67.00,100 גרם,false,,7.90,0.1179,true,1,157926
7622201813390,false,מילקה וואפל במילוי ק,,,מילקה וואפל במילוי ק,גרמים,132.00,100 גרם,false,,10.90,0.0826,true,1,156896
7622201819170,false,מילקה דארק שקדים 85,,,מילקה דארק שקדים 85,גרמים,85.00,100 גרם,false,,7.90,0.0929,true,1,156897
7622210007469,true,מילקה - שוקולד חלב ע,,,מילקה - שוקולד חלב ע,,0.00,,false,,5.00,0.0000,true,1,133313
7622210007476,true,מילקה - שוקולד חלב ע,,,מילקה - שוקולד חלב ע,,0.00,,false,,5.00,0.0000,true,1,133314
7622210163899,false,מילקה שוקולד חלב עם,,,מילקה שוקולד חלב עם,גרמים,100.00,100 גרם,false,,6.90,0.0690,true,1,141813
7622210392589,false,טובלרון טייני חלב 20,,,טובלרון טייני חלב 20,גרמים,200.00,100 גרם,false,,17.90,0.0895,true,1,161000
7622210463289,true,מילקה חטיף אוראו 41,,,מילקה חטיף אוראו 41,,0.00,,false,,5.00,0.0000,true,1,136628
7622210464729,false,אוראו גולדן 154 גרם,,,אוראו גולדן 154 גרם,גרמים,154.00,100 גרם,false,,6.90,0.0448,true,1,147620
7622210664150,false,עוגיות אוראו וניל 39,,,עוגיות אוראו וניל 39,גרמים,396.00,100 גרם,false,,15.90,0.0402,true,1,161002
7622210723666,true,מילקה חטיף אוראו 37,,,מילקה חטיף אוראו 37,,0.00,,false,,5.00,0.0000,true,1,137589
7622210826053,false,שוקולד מילקה אוראו ס,,,שוקולד מילקה אוראו ס,גרמים,92.00,100 גרם,false,,6.90,0.0750,true,1,152661
7622210835338,false,עוגיות אוראו בראוניז,,,עוגיות אוראו בראוניז,גרמים,176.00,100 גרם,false,,8.90,0.0506,true,1,141814
7622300270506,false,מילקה גריינס - עוגיו,,,מילקה גריינס - עוגיו,גרמים,168.00,100 גרם,false,,10.90,0.0649,true,1,141815
7622300291785,true,מילקה - שוקולד חלב ב,,,מילקה - שוקולד חלב ב,,0.00,,false,,5.00,0.0000,true,1,133318
7622300315283,false,אוראו וניל 154 גרם,,,אוראו וניל 154 גרם,גרמים,154.00,100 גרם,false,,6.90,0.0448,true,1,156317
7622300489427,false,אוראו עוגיות מצופות,,,אוראו עוגיות מצופות,גרמים,246.00,100 גרם,false,,15.90,0.0646,true,1,151661
7622300489434,false,אוראו עוגיות מצופות,,,אוראו עוגיות מצופות,גרמים,246.00,100 גרם,false,,15.90,0.0646,true,1,151662
7622300503079,false,מילקה מוו ביסקוויט מ,,,מילקה מוו ביסקוויט מ,גרמים,200.00,100 גרם,false,,10.90,0.0545,true,1,139974
7622300617820,false,מילקה אוראו 100 גרם,,,מילקה אוראו 100 גרם,גרמים,100.00,100 גרם,false,,6.90,0.0690,true,1,133319
7622300761363,false,אוראו מיני עוגיות עם,,,אוראו מיני עוגיות עם,גרמים,67.00,100 גרם,false,,7.90,0.1179,true,1,135179
7622400719066,true,מילקה - שוקולד חלב ב,,,מילקה - שוקולד חלב ב,,0.00,,false,,5.00,0.0000,true,1,133321
7622400806612,true,מילקה - שוקולד חלב ב,,,מילקה - שוקולד חלב ב,,0.00,,false,,5.00,0.0000,true,1,133322
7630477891653,false,קפסולות קפה נטול קפא,,,קפסולות קפה נטול קפא,גרמים,57.00,100 גרם,false,,22.90,0.4018,true,1,152122
7702018468447,false,עשיריית סכיני בלו 2,,,עשיריית סכיני בלו 2,Unknown,10.00,יחידה,false,,29.90,2.9900,true,1,152075
7702018980833,false,ג'ל גילוח מרכך מטפל,,,ג'ל גילוח מרכך מטפל,מיליליטרים,200.00,"100 מ""ל",false,,19.90,0.0995,true,1,141853
7702024074625,false,פיטנס חטיפי קרקר חיט,,,פיטנס חטיפי קרקר חיט,גרמים,234.00,100 גרם,false,,11.90,0.0509,true,1,144335
7702174073783,false,לקקן פופ קולה 10 יחי,,,לקקן פופ קולה 10 יחי,Unknown,10.00,יחידה,false,,7.90,0.7900,true,1,137597
7777555515442,false,שפריצר מעוצב,,,שפריצר מעוצב,Unknown,1.00,יחידה,false,,7.90,7.9000,true,1,161301
7777555515862,false,סט 6 כוסות שתייה,,,סט 6 כוסות שתייה,Unknown,1.00,יחידה,false,,15.90,15.9000,true,1,160765
7777886600084,false,שישיית מזלגות,,,שישיית מזלגות,Unknown,1.00,יחידה,false,,9.90,9.9000,true,1,147811
7777886600091,false,שישיית כפיות,,,שישיית כפיות,Unknown,1.00,יחידה,false,,7.90,7.9000,true,1,147812
7777886600107,false,שישיית כפות,,,שישיית כפות,Unknown,1.00,יחידה,false,,9.90,9.9000,true,1,147809
7777886604891,false,מחבת יציקה איכותית 2,,,מחבת יציקה איכותית 2,Unknown,1.00,יחידה,false,,44.90,44.9000,true,1,143263
7777886604914,false,מחבת יציקה איכותית 2,,,מחבת יציקה איכותית 2,Unknown,1.00,יחידה,false,,69.90,69.9000,true,1,143265
7777886605768,false,יעה פס גומי,,,יעה פס גומי,Unknown,1.00,יחידה,false,,5.00,5.0000,true,1,153574
7777887755554,false,סט סכינים רב שימושיו,,,סט סכינים רב שימושיו,Unknown,1.00,יחידה,false,,19.90,19.9000,true,1,143269
7790580300005,true,שערות סבתא בטעם תות,,,שערות סבתא בטעם תות,,0.00,,false,,0.00,0.0000,true,1,134671
7798378440018,false,אוכמניות יחידה,,,אוכמניות יחידה,גרמים,125.00,100 גרם,false,,19.90,0.1592,true,1,161745
7798382150019,false,אוכמניות יחידה,,,אוכמניות יחידה,גרמים,125.00,100 גרם,false,,19.90,0.1592,true,1,162371
7804414001614,false,יין אדום שיראז דון ח,,,יין אדום שיראז דון ח,מיליליטרים,750.00,"100 מ""ל",false,,31.50,0.0420,true,1,150442
7804651030026,false,אוכמניות יחידה,,,אוכמניות יחידה,גרמים,125.00,100 גרם,false,,19.90,0.1592,true,1,161259
7804667480082,false,אוכמניות יחידה,,,אוכמניות יחידה,גרמים,125.00,100 גרם,false,,19.90,0.1592,true,1,158333
7891024030974,false,קולגייט טריפל אקשן 7,,,קולגייט טריפל אקשן 7,מיליליטרים,75.00,"100 מ""ל",false,,5.90,0.0787,true,1,136703
7891024124826,false,משחת שיניים קולגייט,,,משחת שיניים קולגייט,מיליליטרים,75.00,"100 מ""ל",false,,19.90,0.2653,true,1,144668
7920005431364,true,"עוגת גבינה כלש""פ",,,"עוגת גבינה כלש""פ",,0.00,,false,,6.00,0.0000,true,1,134424
7920005431609,true,טירמיסו כשלפ,,,טירמיסו כשלפ,,0.00,,false,,5.00,0.0000,true,1,134426
8000320010088,false,פסאטה צ'יריו במרקם ג,,,פסאטה צ'יריו במרקם ג,מיליליטרים,680.00,"100 מ""ל",false,,11.90,0.0175,true,1,161171
8000380001446,false,וופל פריך לואקיני 10,,,וופל פריך לואקיני 10,גרמים,100.00,100 גרם,false,,18.90,0.1890,true,1,157238
8000380003723,false,לואקר גרנד פטיסרי אג,,,לואקר גרנד פטיסרי אג,גרמים,100.00,100 גרם,false,,11.70,0.1170,true,1,144425
8000380004676,false,וופלים עם קרם וניל ל,,,וופלים עם קרם וניל ל,גרמים,200.00,100 גרם,false,,11.90,0.0595,true,1,152811
8000380004911,false,קואדרטיני אגוז 250 ג,,,קואדרטיני אגוז 250 ג,גרמים,250.00,100 גרם,false,,13.90,0.0556,true,1,140052
8000380005918,false,וופל קוביות קואדרטינ,,,וופל קוביות קואדרטינ,גרמים,125.00,100 גרם,false,,6.90,0.0552,true,1,155125
8000380005963,false,וופל קוביות קואדרטינ,,,וופל קוביות קואדרטינ,גרמים,125.00,100 גרם,false,,6.90,0.0552,true,1,155127
8000380007219,false,ופלים אגוזים נאפוליט,,,ופלים אגוזים נאפוליט,גרמים,175.00,100 גרם,false,,10.80,0.0617,true,1,152812
8000380007257,false,גרדנה אגוז 200 גרם,,,גרדנה אגוז 200 גרם,גרמים,200.00,100 גרם,false,,13.90,0.0695,true,1,140319
8000380007264,false,ופלים שוקולד קרם קקא,,,ופלים שוקולד קרם קקא,גרמים,175.00,100 גרם,false,,10.80,0.0617,true,1,153294
8000380106028,false,ופל טורטינה קרם אגוז,,,ופל טורטינה קרם אגוז,גרמים,125.00,100 גרם,false,,16.90,0.1352,true,1,140323
8000380153442,false,לואקר בטעם אגוז 90 ג,,,לואקר בטעם אגוז 90 ג,גרמים,90.00,100 גרם,false,,5.00,0.0556,true,1,135303
8000380180745,false,קואדרטיני שוקו-חלב 2,,,קואדרטיני שוקו-חלב 2,גרמים,250.00,100 גרם,false,,13.90,0.0556,true,1,147346
8000380187775,false,לואקר גרדנה אגוז 136,,,לואקר גרדנה אגוז 136,גרמים,136.00,100 גרם,false,,11.90,0.0875,true,1,161559
8000500009673,false,פררו רושה שוקולד חלב,,,פררו רושה שוקולד חלב,גרמים,300.00,100 גרם,false,,43.90,0.1463,true,1,152205
8000500023624,false,קינדר הפי היפו חמישי,,,קינדר הפי היפו חמישי,גרמים,103.50,100 גרם,false,,11.90,0.1150,true,1,139912
8000500023976,false,רפאלו 150 גרם,,,רפאלו 150 גרם,גרמים,150.00,100 גרם,false,,14.90,0.0993,true,1,139902
8000500028124,false,קינדר גוי שלשות 60 ג,,,קינדר גוי שלשות 60 ג,גרמים,60.00,100 גרם,false,,14.90,0.2483,true,1,161476
8000500029350,false,קינדר בואנו שלישיה 3,,,קינדר בואנו שלישיה 3,גרמים,129.00,100 גרם,false,,9.90,0.0767,true,1,139895
8000500032237,false,פררו רושר 375 גרם,,,פררו רושר 375 גרם,גרמים,375.00,100 גרם,false,,39.90,0.1064,true,1,144964
8000500037874,false,פררו רושה 200 גרם,,,פררו רושה 200 גרם,גרמים,200.00,100 גרם,false,,22.90,0.1145,true,1,139904
8000500039106,true,קינדר ביצת הפתעה 20,,,קינדר ביצת הפתעה 20,,0.00,,false,,5.00,0.0000,true,1,134986
8000500071083,false,קינדר אצבעות שוקולד,,,קינדר אצבעות שוקולד,גרמים,200.00,100 גרם,false,,11.90,0.0595,true,1,139911
8000500073698,true,קינדר בואנו חלב 43 ג,,,קינדר בואנו חלב 43 ג,,0.00,,false,,3.70,0.0000,true,1,134987
8000500121436,false,קינדר בואנו לבן שלשה,,,קינדר בואנו לבן שלשה,גרמים,117.00,100 גרם,false,,9.90,0.0846,true,1,139897
8000500192801,false,פררו רושר שוקולד עם,,,פררו רושר שוקולד עם,גרמים,100.00,100 גרם,false,,14.90,0.1490,true,1,161869
8000500227848,false,נוטלה בי רדי 6*22 גר,,,נוטלה בי רדי 6*22 גר,גרמים,132.00,100 גרם,false,,10.90,0.0826,true,1,142363
8000500228036,true,"ביצי הפתעה קינדר ג""ו",,,"ביצי הפתעה קינדר ג""ו",,0.00,,false,,5.00,0.0000,true,1,139549
8000500228043,true,"ביצי הפתעה קינדר ג""ו",,,"ביצי הפתעה קינדר ג""ו",,0.00,,false,,5.00,0.0000,true,1,139550
8000500269169,false,קינדר קרדס  128 גרם,,,קינדר קרדס  128 גרם,גרמים,128.00,100 גרם,false,,13.90,0.1086,true,1,161282
8000798000161,true,ראש מטאטא,,,ראש מטאטא,,0.00,,false,,5.00,0.0000,true,1,132385
8001090721129,false,אריאל קפסולות ג'ל קו,,,אריאל קפסולות ג'ל קו,Unknown,27.00,יחידה,false,,30.90,1.1444,true,1,141860
8001090802385,false,טייד קפסולות ג'ל בני,,,טייד קפסולות ג'ל בני,Unknown,26.00,יחידה,false,,29.90,1.1500,true,1,151982
8001090810205,false,פנטן שמפו נוסחה קלאס,פנטן שמפן/מרכך 500 מ,,פנטן שמפו נוסחה קלאס,מיליליטרים,500.00,"100 מ""ל",false,,14.90,0.0298,true,1,141862
8001090832450,false,פנטן שמפו נוסחה קלאס,,,פנטן שמפו נוסחה קלאס,מיליליטרים,660.00,"100 מ""ל",false,,19.90,0.0302,true,1,151983
8001090832818,false,פנטן מרכך נוסחה קלאס,,,פנטן מרכך נוסחה קלאס,מיליליטרים,660.00,"100 מ""ל",false,,19.90,0.0302,true,1,151989
8001090832931,false,פנטן מרכך למגע רך כמ,,,פנטן מרכך למגע רך כמ,מיליליטרים,660.00,"100 מ""ל",false,,19.90,0.0302,true,1,151992
8001090833167,false,אריאל ג'ל כביסה ניחו,,,אריאל ג'ל כביסה ניחו,מיליליטרים,2365.00,"100 מ""ל",false,,27.90,0.0118,true,1,141864
8001090833198,false,אריאל ג'ל כביסה ניחו,,,אריאל ג'ל כביסה ניחו,מיליליטרים,2365.00,"100 מ""ל",false,,27.90,0.0118,true,1,141865
8001090899286,false,תחבושות אולוויז פלטי,,,תחבושות אולוויז פלטי,גרמים,118.00,100 גרם,false,,16.90,0.1432,true,1,152994
8001440118944,false,שלישיית עגבניות פולפ,,,שלישיית עגבניות פולפ,גרמים,1200.00,100 גרם,false,,15.90,0.0133,true,1,161173
8001620015629,false,סן בנדטו תפוז ותפוז,,,סן בנדטו תפוז ותפוז,מיליליטרים,400.00,"100 מ""ל",false,,7.30,0.0182,true,1,157411
8001620015636,false,סן בנדטו מיקס פירות,,,סן בנדטו מיקס פירות,מיליליטרים,400.00,"100 מ""ל",false,,7.30,0.0182,true,1,154306
8001620019160,false,סן בנדטו אפרסק 400 מ,,,סן בנדטו אפרסק 400 מ,מיליליטרים,400.00,"100 מ""ל",false,,6.90,0.0172,true,1,159868
8001620019177,false,סן בנדטו ענבים 400 מ,,,סן בנדטו ענבים 400 מ,מיליליטרים,400.00,"100 מ""ל",false,,6.90,0.0172,true,1,159869
8001675105238,true,פרלינים שוקולד מריר,,,פרלינים שוקולד מריר,,0.00,,false,,0.00,0.0000,true,1,134765
8001841062624,false,מגבונים לחים ללא ביש,,,מגבונים לחים ללא ביש,גרמים,1237.00,100 גרם,false,,19.90,0.0161,true,1,154928
8001841625461,false,נוזל לניקוי כלים פלט,,,נוזל לניקוי כלים פלט,מיליליטרים,515.00,"100 מ""ל",false,,10.90,0.0212,true,1,152108
8001841663692,false,נוזל כלים פיירי אקסט,,,נוזל כלים פיירי אקסט,מיליליטרים,900.00,"100 מ""ל",false,,12.50,0.0139,true,1,159080
8001841669465,false,אריאל קפס' בניחוח לנ,,,אריאל קפס' בניחוח לנ,גרמים,720.00,100 גרם,false,,34.90,0.0485,true,1,154191
8001841893990,false,פיירי טבליות למדיח 4,,,פיירי טבליות למדיח 4,Unknown,30.00,יחידה,false,,39.90,1.3300,true,1,153549
8002270846472,false,מים מינרליים סן פלגר,,,מים מינרליים סן פלגר,מיליליטרים,500.00,"100 מ""ל",false,,4.90,0.0098,true,1,161554
8002450204009,false,"ורדי אפרסק 750 מ""ל",,,"ורדי אפרסק 750 מ""ל",מיליליטרים,750.00,"100 מ""ל",false,,24.90,0.0332,true,1,142101
8003012004372,false,קפסולות תואם נספרסו,,,קפסולות תואם נספרסו,Unknown,10.00,יחידה,false,,9.90,0.9900,true,1,156549
8003012007595,false,קפסולות תואם נספרסו,,,קפסולות תואם נספרסו,Unknown,10.00,יחידה,false,,9.90,0.9900,true,1,156551
8003012007618,false,קפסולות תואם נספרסו,,,קפסולות תואם נספרסו,Unknown,10.00,יחידה,false,,9.90,0.9900,true,1,156552
8004030026018,false,סלט ירקות שעועית ותי,,,סלט ירקות שעועית ותי,גרמים,160.00,100 גרם,false,,14.90,0.0931,true,1,144671
8004030102033,false,נתחי טונה בהירה בשמן,,,נתחי טונה בהירה בשמן,גרמים,240.00,100 גרם,false,,24.90,0.1037,true,1,143625
8004800000071,false,גלילי ופל בקרם אגוזי,,,גלילי ופל בקרם אגוזי,גרמים,100.00,100 גרם,false,,11.90,0.1190,true,1,160991
8005200256587,false,נסטי אפרסק 1.5 ליטר,,,נסטי אפרסק 1.5 ליטר,מיליליטרים,1500.00,"100 מ""ל",false,,8.90,0.0059,true,1,157289
8005200486526,false,נסטי אפרסק בקבוק 500,,,נסטי אפרסק בקבוק 500,מיליליטרים,500.00,"100 מ""ל",false,,7.80,0.0156,true,1,136462
8006540027042,false,לנור מרכך כביסה בניח,,,לנור מרכך כביסה בניח,מיליליטרים,897.00,"100 מ""ל",false,,15.90,0.0177,true,1,154193
8006540222089,false,מגבונים היגיינים לתי,,,מגבונים היגיינים לתי,גרמים,267.00,100 גרם,false,,7.90,0.0296,true,1,156467
8008660210014,false,מעדן משמש  ויסוצקי 3,,,מעדן משמש  ויסוצקי 3,גרמים,300.00,100 גרם,false,,16.90,0.0563,true,1,149847
8008660210045,false,מעדן פירות יער  ויסו,,,מעדן פירות יער  ויסו,גרמים,300.00,100 גרם,false,,16.90,0.0563,true,1,149850
8008857200200,false,פסטה ספגטיני פסטה רג,,,פסטה ספגטיני פסטה רג,גרמים,500.00,100 גרם,false,,5.90,0.0118,true,1,158738
8008857300344,false,פסטה פנה רג'יאה 500,,,פסטה פנה רג'יאה 500,גרמים,500.00,100 גרם,false,,5.90,0.0118,true,1,158665
8008857300481,false,פסטה פוסילי פסטה רג',,,פסטה פוסילי פסטה רג',גרמים,500.00,100 גרם,false,,5.90,0.0118,true,1,158666
8008857300634,false,פסטה קוואטאפי פסטה ר,,,פסטה קוואטאפי פסטה ר,גרמים,500.00,100 גרם,false,,5.90,0.0118,true,1,158667
8008857300771,false,איטריות מרק פסטה רג',,,איטריות מרק פסטה רג',גרמים,500.00,100 גרם,false,,5.90,0.0118,true,1,158743
8008857500003,false,פסטה קאפלי פסטה רג'י,,,פסטה קאפלי פסטה רג'י,גרמים,500.00,100 גרם,false,,8.90,0.0178,true,1,158744
8008857601052,false,דפי לזניה פסטה רג'יא,,,דפי לזניה פסטה רג'יא,גרמים,500.00,100 גרם,false,,10.90,0.0218,true,1,158668
8008912010270,false,פסטה קסרצ'ה 27 ליגור,,,פסטה קסרצ'ה 27 ליגור,גרמים,500.00,100 גרם,false,,7.90,0.0158,true,1,157527
8008912010300,false,פסטה פרפלה ליגורי 50,,,פסטה פרפלה ליגורי 50,גרמים,500.00,100 גרם,false,,7.90,0.0158,true,1,158733
8008912010331,false,פסטה ניוקטי קונכיות,,,פסטה ניוקטי קונכיות,גרמים,500.00,100 גרם,false,,7.90,0.0158,true,1,158734
8008912010423,false,פסטה ריגטה 42 ליגורי,,,פסטה ריגטה 42 ליגורי,גרמים,500.00,100 גרם,false,,7.90,0.0158,true,1,157529
8033413430708,true,"לימונצ""אלו 700 מ""ל",,,"לימונצ""אלו 700 מ""ל",,0.00,,false,,0.00,0.0000,true,1,135684
8076800195033,false,ספגטיני מספר 3 ברילה,,,ספגטיני מספר 3 ברילה,גרמים,500.00,100 גרם,false,,6.90,0.0138,true,1,133453
8076802085738,false,פסטה פנה רגטה מספר 7,,,פסטה פנה רגטה מספר 7,גרמים,500.00,100 גרם,false,,6.90,0.0138,true,1,132949
8076802085837,false,פסטה טורטיליוני מספר,,,פסטה טורטיליוני מספר,גרמים,500.00,100 גרם,false,,6.90,0.0138,true,1,136032
8076802085981,false,פסטה פוזילי מספר 98,,,פסטה פוזילי מספר 98,גרמים,500.00,100 גרם,false,,6.90,0.0138,true,1,133749
8076809512268,false,פסטה גירנדולה מספר 3,,,פסטה גירנדולה מספר 3,גרמים,500.00,100 גרם,false,,6.90,0.0138,true,1,141967
8076809513692,false,רוטב עגבניות לפסטה ע,,,רוטב עגבניות לפסטה ע,גרמים,400.00,100 גרם,false,,14.90,0.0373,true,1,137266
8076809513739,false,רוטב עגבניות לפסטה ב,,,רוטב עגבניות לפסטה ב,גרמים,400.00,100 גרם,false,,14.90,0.0373,true,1,137267
8410000807763,true,פיליפינוס בציפוי שוק,,,פיליפינוס בציפוי שוק,,0.00,,false,,5.00,0.0000,true,1,137488
8420241132445,true,שוקולד מריר 100 70%,,,שוקולד מריר 100 70%,,0.00,,false,,5.00,0.0000,true,1,132709
8420822130600,false,KH-7 סופר מסיר שומני,,,KH-7 סופר מסיר שומני,מיליליטרים,750.00,"100 מ""ל",false,,18.90,0.0252,true,1,157580
8423207206488,false,חטיף דגנים מלאים מצו,,,חטיף דגנים מלאים מצו,Unknown,5.00,יחידה,false,,10.90,2.1800,true,1,137269
8423207206495,false,חטיף דגנים מלאים מצו,,,חטיף דגנים מלאים מצו,Unknown,1.00,יחידה,false,,10.90,10.9000,true,1,137271
8423207208680,false,חטיף דגנים מצופה אקס,,,חטיף דגנים מצופה אקס,גרמים,120.00,100 גרם,false,,10.90,0.0908,true,1,139179
8423207208703,false,חטיף דגנים מצופה אקס,,,חטיף דגנים מצופה אקס,Unknown,1.00,יחידה,false,,10.90,10.9000,true,1,138929
8423207209885,false,חטיף דגנים מצופה אקס,,,חטיף דגנים מצופה אקס,Unknown,1.00,יחידה,false,,10.90,10.9000,true,1,138930
8435495807605,false,מרכך כביסה מרוכז היפ,,,מרכך כביסה מרוכז היפ,מיליליטרים,1000.00,"100 מ""ל",false,,19.90,0.0199,true,1,148318
8436048402848,true,פיליפינוס בציפוי שוק,,,פיליפינוס בציפוי שוק,,0.00,,false,,5.00,0.0000,true,1,136747
8593893007499,true,סיני מיניס בר דגנים,,,סיני מיניס בר דגנים,,0.00,,false,,5.00,0.0000,true,1,132839
8594011530141,true,"בירה רוהוזתס 500 מ""ל",,,"בירה רוהוזתס 500 מ""ל",,0.00,,false,,5.00,0.0000,true,1,132687
8681554607482,false,סבון דה רויאל גארדן,,,סבון דה רויאל גארדן,100 יחידה,1.00,100 יחידה,false,,10.90,10.9000,true,1,160749
8683130012666,false,מגנום דאבל לבן עוגיו,,,מגנום דאבל לבן עוגיו,גרמים,74.00,100 גרם,false,,9.90,0.1338,true,1,158897
8690504081937,false,טינס מצופה שוקולד חל,,,טינס מצופה שוקולד חל,גרמים,150.00,100 גרם,false,,10.90,0.0727,true,1,149857
8690632054469,true,וופל קראנץ 30 גרם,,,וופל קראנץ 30 גרם,,0.00,,false,,5.00,0.0000,true,1,134469
8690632080376,true,וופל נסקוויק 32 גרם,,,וופל נסקוויק 32 גרם,,0.00,,false,,5.00,0.0000,true,1,134197
8690637007705,false,מסטיגם,,,מסטיגם,Unknown,1.00,יחידה,false,,5.90,5.9000,true,1,145747
8690637073373,false,ליפטון ארל גרי 25 מע,,,ליפטון ארל גרי 25 מע,גרמים,50.00,100 גרם,false,,7.90,0.1580,true,1,144904
8690637073434,false,ליפטון ארל גריי 100,,,ליפטון ארל גריי 100,גרמים,200.00,100 גרם,false,,19.90,0.0995,true,1,147041
8690637842382,false,מגנום דאבל פרי יער,,,מגנום דאבל פרי יער,Unknown,1.00,יחידה,false,,9.90,9.9000,true,1,145750
8690637842399,false,מיני מגנום דאבל פרי,,,מיני מגנום דאבל פרי,Unknown,6.00,יחידה,false,,27.90,4.6500,true,1,145751
8690637858734,false,סיף ג'ל אקונומיקה לי,,,סיף ג'ל אקונומיקה לי,מיליליטרים,750.00,"100 מ""ל",false,,10.90,0.0145,true,1,140639
8690637871245,false,הלמנס מיונז לחיץ 395,,,הלמנס מיונז לחיץ 395,גרמים,395.00,100 גרם,false,,14.90,0.0377,true,1,144906
8690637890666,false,מיני מגנום פיסטוק שו,,,מיני מגנום פיסטוק שו,Unknown,6.00,יחידה,false,,27.90,4.6500,true,1,145753
8690637946301,false,מרכך בדין אקסטרה ביי,,,מרכך בדין אקסטרה ביי,מיליליטרים,960.00,"100 מ""ל",false,,15.60,0.0162,true,1,147367
8690637976995,false,מרכך בדין אקסטרה ורו,,,מרכך בדין אקסטרה ורו,מיליליטרים,960.00,"100 מ""ל",false,,17.90,0.0186,true,1,152861
8690637989612,false,מגנום מיני דאבל דולצ,,,מגנום מיני דאבל דולצ,Unknown,6.00,יחידה,false,,27.90,4.6500,true,1,154063
8690637989629,false,מגנום דאבל דולצ'ה גו,,,מגנום דאבל דולצ'ה גו,Unknown,1.00,יחידה,false,,9.90,9.9000,true,1,154062
8690766156381,false,שוקולד מריר מעולה 90,,,שוקולד מריר מעולה 90,גרמים,90.00,100 גרם,false,,14.90,0.1656,true,1,152367
8690777202015,false,ירקות כבושים מעורבים,,,ירקות כבושים מעורבים,גרמים,700.00,100 גרם,false,,12.90,0.0184,true,1,143312
8690784511223,true,סבון לניקוי אסלה ר .,,,סבון לניקוי אסלה ר .,,0.00,,false,,5.00,0.0000,true,1,135965
8691257500393,true,צלחת חד פעמי עמוקה5,,,צלחת חד פעמי עמוקה5,,0.00,,false,,0.00,0.0000,true,1,139684
8697431460378,false,קונפיטורה 70% שזיף 4,,,קונפיטורה 70% שזיף 4,גרמים,450.00,100 גרם,false,,15.50,0.0344,true,1,161932
8697431921701,false,קונפטורה 70% תות שדה,,,קונפטורה 70% תות שדה,גרמים,450.00,100 גרם,false,,15.50,0.0344,true,1,158670
8697704011009,true,משחת נעליים+ספוג שחו,,,משחת נעליים+ספוג שחו,,0.00,,false,,5.00,0.0000,true,1,132524
8697704011023,true,משחת נעליים+ספוג חום,,,משחת נעליים+ספוג חום,,0.00,,false,,5.00,0.0000,true,1,132525
8697826469092,false,טורטיה קטנה 540 גרם,,,טורטיה קטנה 540 גרם,גרמים,540.00,100 גרם,false,,9.90,0.0183,true,1,154623
8698996006490,false,מגבות נייר 9ב1,,,מגבות נייר 9ב1,Unknown,1.00,יחידה,false,,13.90,13.9000,true,1,154201
8710502064814,false,עוגיות שוקולד צ'יפס,,,עוגיות שוקולד צ'יפס,גרמים,175.00,100 גרם,false,,7.90,0.0451,true,1,144677
8710502231018,false,עוגיות שוקולד צ'יפס,,,עוגיות שוקולד צ'יפס,גרמים,175.00,100 גרם,false,,9.90,0.0566,true,1,153506
8712561611183,false,תחליב רחצה עם תה ירו,,,תחליב רחצה עם תה ירו,מיליליטרים,500.00,"100 מ""ל",false,,14.90,0.0298,true,1,144914
8714599104330,false,ג'ייקובס קפה שחור 85,,,ג'ייקובס קפה שחור 85,גרמים,85.00,100 גרם,false,,7.90,0.0929,true,1,147794
8714599410530,false,ג'ייקובס קרוננג 200,,,ג'ייקובס קרוננג 200,גרמים,200.00,100 גרם,false,,19.90,0.0995,true,1,141818
8714599513828,false,קפה נמס מיובש בהקפאה,,,קפה נמס מיובש בהקפאה,גרמים,47.50,100 גרם,false,,6.90,0.1453,true,1,138692
8714599513866,false,קפה נמס מיובש בהקפאה,,,קפה נמס מיובש בהקפאה,גרמים,200.00,100 גרם,false,,24.90,0.1245,true,1,139956
8714789402918,false,נוזל לניקוי כללי ולר,,,נוזל לניקוי כללי ולר,מיליליטרים,1500.00,"100 מ""ל",false,,21.90,0.0146,true,1,143745
8714789582764,false,אג'קס ספריי לניקוי ח,,,אג'קס ספריי לניקוי ח,מיליליטרים,750.00,"100 מ""ל",false,,14.90,0.0199,true,1,141971
8715700110158,false,מיונז היינץ לייט צנצ,,,מיונז היינץ לייט צנצ,גרמים,490.00,100 גרם,false,,9.90,0.0202,true,1,140248
8715700117805,false,היינץ מתבל עגבניות ל,,,היינץ מתבל עגבניות ל,גרמים,400.00,100 גרם,false,,10.90,0.0273,true,1,151682
8715700120874,false,היינץ קטשופ שום 460,,,היינץ קטשופ שום 460,גרמים,460.00,100 גרם,false,,10.90,0.0237,true,1,156312
8715700419732,false,קטשופ היינץ 700 גרם,,,קטשופ היינץ 700 גרם,גרמים,700.00,100 גרם,false,,10.90,0.0156,true,1,141367
8717163647240,false,דאודורנט ספריי גוף ל,,,דאודורנט ספריי גוף ל,מיליליטרים,150.00,"100 מ""ל",false,,9.90,0.0660,true,1,144144
8717185470130,true,ביסקוויט דגנים וקרם,,,ביסקוויט דגנים וקרם,,0.00,,false,,0.00,0.0000,true,1,134676
8717644390566,false,סבון מוצק מלפפונים ד,,,סבון מוצק מלפפונים ד,Unknown,4.00,יחידה,false,,14.90,3.7250,true,1,144917
8718951159808,false,קולגייט מברשת 360 של,,,קולגייט מברשת 360 של,Unknown,3.00,יחידה,false,,29.90,9.9667,true,1,149763
8718951166561,false,קולגייט משחת מקס פרש,,,קולגייט משחת מקס פרש,מיליליטרים,125.00,"100 מ""ל",false,,18.90,0.1512,true,1,141975
8718951236790,false,משחת שיניים קלין מינ,,,משחת שיניים קלין מינ,מיליליטרים,100.00,"100 מ""ל",false,,16.90,0.1690,true,1,144680
8718951236806,false,משחת שיניים עם פלואו,,,משחת שיניים עם פלואו,מיליליטרים,100.00,"100 מ""ל",false,,16.90,0.1690,true,1,144681
8718951385290,false,נוזל לניקוי כללי אג',,,נוזל לניקוי כללי אג',מיליליטרים,2000.00,"100 מ""ל",false,,23.90,0.0119,true,1,153507
8719200998001,false,מרגרינה לאפיה ובישול,,,מרגרינה לאפיה ובישול,גרמים,200.00,100 גרם,false,,4.30,0.0215,true,1,146809
8719200998018,false,מחמאה ב.בנד 200 גרם,,,מחמאה ב.בנד 200 גרם,גרמים,200.00,100 גרם,false,,4.70,0.0235,true,1,146462
8720181046605,false,דאודורנט ספריי אורגי,,,דאודורנט ספריי אורגי,מיליליטרים,150.00,"100 מ""ל",false,,15.90,0.1060,true,1,154541
8801055707966,false,טייסטרס צ'וייס בריסט,,,טייסטרס צ'וייס בריסט,גרמים,180.00,100 גרם,false,,29.90,0.1661,true,1,144338
8801055709472,false,נסקפה קפוצ'ינו קלאסי,,,נסקפה קפוצ'ינו קלאסי,גרמים,125.00,100 גרם,false,,19.90,0.1592,true,1,158378
8801055709526,false,נסקפה קפוצ'ינו שוקול,,,נסקפה קפוצ'ינו שוקול,גרמים,180.00,100 גרם,false,,18.90,0.1050,true,1,159641
8850389105825,false,סאפה אלוורה ענבים 1,,,סאפה אלוורה ענבים 1,מיליליטרים,1000.00,"100 מ""ל",false,,12.20,0.0122,true,1,137687
8850389105832,false,סאפה אלוורה תפוחים 1,,,סאפה אלוורה תפוחים 1,מיליליטרים,1000.00,"100 מ""ל",false,,12.20,0.0122,true,1,137688
8850389105849,false,סאפה אלוורה בטעם אפר,,,סאפה אלוורה בטעם אפר,מיליליטרים,1000.00,"100 מ""ל",false,,12.20,0.0122,true,1,140390
8850389115312,false,סאפה מלון בקבוק 300,,,סאפה מלון בקבוק 300,מיליליטרים,300.00,"100 מ""ל",false,,7.70,0.0257,true,1,139932
8850389115336,false,סאפה אלוורה מלון בקב,,,סאפה אלוורה מלון בקב,מיליליטרים,1000.00,"100 מ""ל",false,,12.20,0.0122,true,1,141084
8851613101378,false,"חלב קוקוס 250 מ""ל",,,"חלב קוקוס 250 מ""ל",גרמים,250.00,100 גרם,false,,9.90,0.0396,true,1,160951
8858671530027,true,מפעל-פנקו פירורי לחם,,,מפעל-פנקו פירורי לחם,,0.00,,false,,0.00,0.0000,true,1,136047
8888021200720,false,סוללות MAXאנרג'ייזר,,,סוללות MAXאנרג'ייזר,Unknown,10.00,יחידה,false,,24.90,2.4900,true,1,152989
8888111555017,true,"מיץ אננס 240 100% מ""",,,"מיץ אננס 240 100% מ""",,0.00,,false,,6.00,0.0000,true,1,134988
8901537024014,false,"אורז בסמטי 1 ק""ג DAA",,,"אורז בסמטי 1 ק""ג DAA",גרמים,1000.00,100 גרם,false,,11.90,0.0119,true,1,143317
9000000000411,false,שום יבוא ארוז,,,שום יבוא ארוז,מארז,1.00,מארז,false,,7.90,7.9000,true,1,152668
9044400851672,false,סוכריות פז 1+3,,,סוכריות פז 1+3,גרמים,22.50,100 גרם,false,,10.90,0.4844,true,1,159969
9322969000046,false,פריכיות תירס אורגניו,,,פריכיות תירס אורגניו,גרמים,150.00,100 גרם,false,,11.90,0.0793,true,1,141429
9322969000053,false,"פרכיות אורז מלא לל""ג",,,"פרכיות אורז מלא לל""ג",גרמים,150.00,100 גרם,false,,12.90,0.0860,true,1,157255
9771565025005,false,עיתון מעריב,,,עיתון מעריב,Unknown,1.00,יחידה,false,,6.00,6.0000,true,1,136050
9771565051066,false,עיתון ידיעות אחרונות,,,עיתון ידיעות אחרונות,Unknown,1.00,יחידה,false,,20.00,20.0000,true,1,135256
9999999999999,true,פריט כללי קובץ  100,,,פריט כללי קובץ  100,,0.00,,false,,0.00,0.0000,true,1,134778
