code,internal_code,name,manufacturer_name,manufacture_country,manufacturer_item_description,unit_qty,quantity,unit_of_measure,weighted,qty_in_package,price,unit_of_measure_price,allow_discount,status,item_id
633,true,שקיות ללא מיתוג45/5,,,שקיות ללא מיתוג45/5,יחידה,0.00,יחידה,false,,0.00,0.0000,true,1,1422908
664,true,סופרגול מ 16.01.17 -,,,סופרגול מ 16.01.17 -,יחידה,0.00,יחידה,false,,0.00,0.0000,true,1,1423069
755,true,"תירס"" גילי """,,,"תירס"" גילי """,יחידה,0.00,יחידה,false,,0.00,0.0000,true,1,1423161
783,true,נקטרינה צהובה 6.5,,,נקטרינה צהובה 6.5,קילוגרמים,1.00,"ק""ג",true,,0.00,0.0000,true,1,1423589
2024,true,קאוה איבריקה בקבוק7,,,קאוה איבריקה בקבוק7,יחידה,0.00,יחידה,false,,0.00,0.0000,true,1,1422824
3222,true,סחבה לבנה לרצפה50*7,,,סחבה לבנה לרצפה50*7,יחידה,0.00,יחידה,false,,0.00,0.0000,true,1,1422853
3233,true,36יחידות 250 דף ניי,,,36יחידות 250 דף ניי,יחידה,0.00,יחידה,false,,0.00,0.0000,true,1,1422854
3331,true,חיוב הפרש חלב 1%,,,חיוב הפרש חלב 1%,יחידה,0.00,יחידה,false,,0.00,0.0000,true,1,1423635
3332,true,חיוב הפרש חלב 3%,,,חיוב הפרש חלב 3%,יחידה,0.00,יחידה,false,,0.00,0.0000,true,1,1423636
3938,true,400מטליות לניקוי מש,,,400מטליות לניקוי מש,יחידה,0.00,יחידה,false,,0.00,0.0000,true,1,1422859
3943,true,400מטליות מילוי לני,,,400מטליות מילוי לני,יחידה,0.00,יחידה,false,,0.00,0.0000,true,1,1422860
3945,true,12מטליות מיקרופיבר,,,12מטליות מיקרופיבר,יחידה,0.00,יחידה,false,,0.00,0.0000,true,1,1422861
4073,true,"""סים """,,,"""סים """,יחידה,0.00,יחידה,false,,0.00,0.0000,true,1,1422868
4135,true,גליל נייר תעשייתי12,,,גליל נייר תעשייתי12,יחידה,0.00,יחידה,false,,0.00,0.0000,true,1,1422873
5564,true,50סכינים קשיח,,,50סכינים קשיח,יחידה,0.00,יחידה,false,,0.00,0.0000,true,1,1423079
6828,true,גבינת CHEESE LONG,,,גבינת CHEESE LONG,קילוגרמים,1.00,"ק""ג",true,,99.00,99.0000,true,1,1422481
7003,true,קפה גדול + מאפה ב-10,,,קפה גדול + מאפה ב-10,יחידה,0.00,יחידה,false,,10.00,0.0000,true,1,1423614
10001,true,כריך מיקס גבינות לפס,,,פלפל אדום XL,קילוגרמים,1.00,"ק""ג",true,,0.00,0.0000,true,1,1422816
10006,true,פלפל אדום יצוא XL,,,פלפל אדום יצוא XL,קילוגרמים,1.00,"ק""ג",true,,0.00,0.0000,true,1,1423406
10011,true,פלפל בהיר XL,,,פלפל בהיר XL,קילוגרמים,1.00,"ק""ג",true,,0.00,0.0000,true,1,1423407
10022,true,פלפל ירוק XL,,,פלפל ירוק XL,קילוגרמים,1.00,"ק""ג",true,,0.00,0.0000,true,1,1423408
10032,true,פלפל צהוב XL,,,פלפל צהוב XL,קילוגרמים,1.00,"ק""ג",true,,0.00,0.0000,true,1,1423409
10402,true,בטטה יצוא L,,,בטטה יצוא L,קילוגרמים,1.00,"ק""ג",true,,0.00,0.0000,true,1,1423410
11874,true,"מארז פיתות 5 יח """,,,"מארז פיתות 5 יח """,יחידה,0.00,יחידה,false,,0.00,0.0000,true,1,1423167
12504,true,עגבניה אשכולות XL,,,עגבניה אשכולות XL,קילוגרמים,1.00,"ק""ג",true,,0.00,0.0000,true,1,1423411
13404,true,כבד עוף מובחר,,,כבד עוף מובחר,קילוגרמים,1.00,"ק""ג",true,,8.90,8.9000,true,1,1420571
14035,true,זיכוי לחמניית טונהC,,,זיכוי לחמניית טונהC,יחידה,0.00,יחידה,false,,0.00,0.0000,true,1,1423617
20002,true,"תפו""ע גלה 6.5",,,"תפו""ע גלה 6.5",קילוגרמים,1.00,"ק""ג",true,,0.00,0.0000,true,1,1423412
20038,true,"תפו""ע סמיט 6",,,"תפו""ע סמיט 6",קילוגרמים,1.00,"ק""ג",true,,0.00,0.0000,true,1,1423413
20071,true,"תפו""ע פינק ליידי7.5",,,"תפו""ע פינק ליידי7.5",קילוגרמים,1.00,"ק""ג",true,,0.00,0.0000,true,1,1423479
20082,true,"תפו""ע זהוב בראשית6.",,,"תפו""ע זהוב בראשית6.",קילוגרמים,1.00,"ק""ג",true,,0.00,0.0000,true,1,1423414
20083,true,"תפו""ע זהוב בראשית 7",,,"תפו""ע זהוב בראשית 7",קילוגרמים,1.00,"ק""ג",true,,0.00,0.0000,true,1,1423415
20084,true,"תפו""ע זהוב בראשית7.",,,"תפו""ע זהוב בראשית7.",קילוגרמים,1.00,"ק""ג",true,,0.00,0.0000,true,1,1423416
20103,true,אגס ספדונה 6,,,אגס ספדונה 6,קילוגרמים,1.00,"ק""ג",true,,0.00,0.0000,true,1,1423417
20104,true,אגס ספדונה 6.5,,,אגס ספדונה 6.5,קילוגרמים,1.00,"ק""ג",true,,0.00,0.0000,true,1,1423418
20203,true,נקטרינה צהובה 6.5,,,נקטרינה צהובה 6.5,קילוגרמים,1.00,"ק""ג",true,,0.00,0.0000,true,1,1423590
20211,true,נקטרינה לבנה 6.5,,,נקטרינה לבנה 6.5,קילוגרמים,1.00,"ק""ג",true,,0.00,0.0000,true,1,1423575
20501,true,אפרסק לבן 5.5,,,אפרסק לבן 5.5,קילוגרמים,1.00,"ק""ג",true,,0.00,0.0000,true,1,1423566
20502,true,אפרסק לבן 6,,,אפרסק לבן 6,קילוגרמים,1.00,"ק""ג",true,,0.00,0.0000,true,1,1423588
20503,true,אפרסק לבן 6.5,,,אפרסק לבן 6.5,קילוגרמים,1.00,"ק""ג",true,,0.00,0.0000,true,1,1423569
22911,true,אבטיח אישי 6,,,אבטיח אישי 6,קילוגרמים,1.00,"ק""ג",true,,0.00,0.0000,true,1,1423419
25278,true,דנאבלו נטו כשר,,,דנאבלו נטו כשר,קילוגרמים,1.00,"ק""ג",true,,59.90,59.9000,true,1,1408890
31140,true,לחמניית טונה/ביצים+,,,לחמניית טונה/ביצים+,יחידה,0.00,יחידה,false,,10.00,0.0000,true,1,1423613
33118,true,כריך קסטן גדול15*15,,,כריך קסטן גדול15*15,יחידה,0.00,יחידה,false,,0.00,0.0000,true,1,1423600
36137,true,"אבקת סוכר 200 ג """,,,"אבקת סוכר 200 ג """,יחידה,0.00,יחידה,false,,0.00,0.0000,true,1,1423186
36144,true,"קורנפלור 200 ג """,,,"קורנפלור 200 ג """,יחידה,0.00,יחידה,false,,0.00,0.0000,true,1,1423187
49458,true,פיראוס פטה עזים 16%,,,פיראוס פטה עזים 16%,יחידה,0.00,יחידה,false,,0.00,0.0000,true,1,1423160
50311,true,פילס תרד צ לא אפוי,,,פילס תרד צ לא אפוי,יחידה,0.00,יחידה,false,,0.00,0.0000,true,1,1423622
129769,true,סטייק עין טרי,,,סטייק עין טרי,קילוגרמים,1.00,"ק""ג",true,,129.00,129.0000,true,1,1408895
189536,true,ניקול ש. אשפה 40 *,,,ניקול ש .אשפה 40,יחידה,0.00,יחידה,false,,0.00,0.0000,true,1,1423169
190068,true,"מפיות ניקול 100 יח """,,,"מפיות ניקול 100 יח """,יחידה,0.00,יחידה,false,,0.00,0.0000,true,1,1423170
203880,true,גבינת שמנת בטעם פלפל,,,גבינת שמנת בטעם פלפל,קילוגרמים,1.00,"ק""ג",true,,32.90,32.9000,true,1,1420158
203897,true,גבינת שמנת בטעם טיבע,,,גבינת שמנת בטעם טיבע,קילוגרמים,1.00,"ק""ג",true,,32.90,32.9000,true,1,1420159
204307,true,"מטליות ניקול 40 יח """,,,"מטליות ניקול 40 יח """,יחידה,0.00,יחידה,false,,0.00,0.0000,true,1,1423171
208235,true,פורורינו כבשים,,,פורורינו כבשים,קילוגרמים,1.00,"ק""ג",true,,110.00,110.0000,true,1,1422504
208259,true,קשקבל כבשים,,,קשקבל כבשים,קילוגרמים,1.00,"ק""ג",true,,110.00,110.0000,true,1,1422505
208266,true,מנצגו כבשים,,,מנצגו כבשים,קילוגרמים,1.00,"ק""ג",true,,110.00,110.0000,true,1,1422506
208648,true,צ'דר כבשים,,,צ'דר כבשים,קילוגרמים,1.00,"ק""ג",true,,110.00,110.0000,true,1,1422508
318004,true,פסטרמה מעושנת בציפוי,,,פסטרמה מעושנת בציפוי,קילוגרמים,1.00,"ק""ג",true,,89.90,89.9000,true,1,1423989
355498,true,רסק עגבניות 28%,,,רסק עגבניות 28%,יחידה,0.00,יחידה,false,,0.00,0.0000,true,1,1423185
403375,true,גאודה לנדנה פסטו ירו,,,גאודה לנדנה פסטו ירו,קילוגרמים,1.00,"ק""ג",true,,139.00,139.0000,true,1,1423724
403450,true,גבינת מנצגו ספרדי,,,גבינת מנצגו ספרדי,קילוגרמים,1.00,"ק""ג",true,,169.00,169.0000,true,1,1423725
403535,true,גבינת פרימדונה,,,גבינת פרימדונה,קילוגרמים,1.00,"ק""ג",true,,129.00,129.0000,true,1,1423727
554402,true,מעדן חלב מלבי גד 160,,,מלבי 5%,יחידה,0.00,יחידה,false,,0.00,0.0000,true,1,1423220
554471,true,גבינת מוצרלה 22% גד,,,נקניק מוצרלה 22%,יחידה,0.00,יחידה,false,,0.00,0.0000,true,1,1423222
611334,true,סטייק פרגית ב.ע .,,,סטייק פרגית ב.ע .,קילוגרמים,1.00,"ק""ג",true,,0.00,0.0000,true,1,1423482
611396,true,סטייק פרגית ע.ע .,,,סטייק פרגית ע.ע .,קילוגרמים,1.00,"ק""ג",true,,0.00,0.0000,true,1,1423483
611440,true,"שניצל 150 גר """,,,"שניצל 150 גר """,קילוגרמים,1.00,"ק""ג",true,,0.00,0.0000,true,1,1423484
611471,true,"שוקיים טרי תפז """,,,"שוקיים טרי תפז """,קילוגרמים,1.00,"ק""ג",true,,0.00,0.0000,true,1,1423485
611624,true,"פ -4מס 2 """,,,"פ -4מס 2 """,קילוגרמים,1.00,"ק""ג",true,,0.00,0.0000,true,1,1423486
611716,true,שווארמה) פרגית (,,,שווארמה) פרגית (,קילוגרמים,1.00,"ק""ג",true,,0.00,0.0000,true,1,1423487
611952,true,כרעיים טרי 250,,,כרעיים טרי 250,קילוגרמים,1.00,"ק""ג",true,,0.00,0.0000,true,1,1423488
611969,true,כרעיים טרי 300,,,כרעיים טרי 300,קילוגרמים,1.00,"ק""ג",true,,0.00,0.0000,true,1,1423489
612102,true,ירך פטם ב.ע.ג .,,,ירך פטם ב.ע.ג .,קילוגרמים,1.00,"ק""ג",true,,0.00,0.0000,true,1,1423490
683706,true,גביע לרוטב oz 1.5,,,גביע לרוטב oz 1.5,יחידה,0.00,יחידה,false,,0.00,0.0000,true,1,1423517
826375,true,פטה 16%,,,פטה 16%,קילוגרמים,1.00,"ק""ג",true,,19.90,19.9000,true,1,1420560
837466,true,גאודה כמון (פריסלנד),,,גאודה כמון (פריסלנד),קילוגרמים,1.00,"ק""ג",true,,79.90,79.9000,true,1,1425364
1050019,true,"קמח תפו""א500 ג """,,,"קמח תפו""א500 ג """,יחידה,0.00,יחידה,false,,0.00,0.0000,true,1,1423162
1136799,true,"ס.נוז 1""ל.ורוד-AROMA",,,"ס.נוז 1""ל.ורוד-AROMA",יחידה,0.00,יחידה,false,,0.00,0.0000,true,1,1423165
1240715,true,"כוס370 מ""ל 12oz",,,"כוס370 מ""ל 12oz",יחידה,0.00,יחידה,false,,2999.90,0.0000,true,1,1423592
1293020,true,מפעל-שקית מעדניה30*,,,מפעל-שקית מעדניה30*,יחידה,0.00,יחידה,false,,0.00,0.0000,true,1,1423504
2079354,true,פירורי לחם מוזהב200,,,פירורי לחם מוזהב200,יחידה,0.00,יחידה,false,,5.00,0.0000,true,1,1422827
2079927,true,דגנים קמח מלא 750,,,דגנים קמח מלא 750,יחידה,0.00,יחידה,false,,0.00,0.0000,true,1,1423374
2153061,true,"קמח מצה 500 ג """,,,"קמח מצה 500 ג """,יחידה,0.00,יחידה,false,,0.00,0.0000,true,1,1423172
2421160,true,פטה 19%,,,פטה 19%,יחידה,0.00,יחידה,false,,0.00,0.0000,true,1,1423173
2421450,true,בולגרית % 5,,,בולגרית % 5,יחידה,0.00,יחידה,false,,0.00,0.0000,true,1,1423174
2421504,true,חרמון) ברי (,,,חרמון) ברי (,יחידה,0.00,יחידה,false,,0.00,0.0000,true,1,1423496
2579144,true,"נר שבת מס 10 """,,,"נר שבת מס 10 """,יחידה,0.00,יחידה,false,,0.00,0.0000,true,1,1423175
2752349,true,מנטוס מנטה 40גלילים,,,מנטוס מנטה 40גלילים,גרמים,0.00,100 גרם,false,,3.50,0.0000,true,1,1412165
3449305,true,"ריזס קראנץ """,,,"ריזס קראנץ """,יחידה,0.00,יחידה,false,,0.00,0.0000,true,1,1423184
3681303,true,שעועית מעורבת מיה50,,,שעועית מעורבת מיה50,יחידה,0.00,יחידה,false,,0.00,0.0000,true,1,1423189
4003100,true,M&Mשוקו 48 גרם,,,M&Mשוקו 48 גרם,יחידה,0.00,יחידה,false,,0.00,0.0000,true,1,1423192
4048518,true,מעדניה - פילה אמנון,,,מעדניה - פילה אמנון,קילוגרמים,1.00,"ק""ג",true,,29.90,29.9000,true,1,1432116
4133627,true,חלב על הבוקר 3%,,,חלב על הבוקר 3%,יחידה,0.00,יחידה,false,,0.00,0.0000,true,1,1423203
4283759,true,פסטרמה חרדל דיז'ון,,,פסטרמה חרדל דיז'ון,יחידה,0.00,יחידה,false,,69.90,0.0000,true,1,1422498
4502690,true,"וודקה פינלנדיה 1 ל """,,,"וודקה פינלנדיה 1 ל """,יחידה,0.00,יחידה,false,,0.00,0.0000,true,1,1423207
6376626,true,פרימיום -אבקת סוכר1,,,פרימיום -אבקת סוכר1,יחידה,0.00,יחידה,false,,0.00,0.0000,true,1,1423587
6492685,true,לאבנה עיזים 5%,,,לאבנה עיזים 5%,יחידה,0.00,יחידה,false,,0.00,0.0000,true,1,1423234
6742315,true,חזה הודו ברביקיו330,,,חזה הודו ברביקיו330,יחידה,0.00,יחידה,false,,0.00,0.0000,true,1,1423237
6925491,true,מרק סופר סופ עדשים),,,מרק סופר סופ עדשים),יחידה,0.00,יחידה,false,,2999.90,0.0000,true,1,1423631
6925493,true,מרק סופר סופ אפונה),,,מרק סופר סופ אפונה),יחידה,0.00,יחידה,false,,2999.90,0.0000,true,1,1423632
10101010,true,"10ש""ח VIP גלגלי הפל",,,"10ש""ח VIP גלגלי הפל",יחידה,0.00,יחידה,false,,10.00,0.0000,true,1,1423593
10320850,false,גבינת עמק 28% שומן פ,,,גבינת עמק 28% שומן פ,גרמים,200.00,100 גרם,false,,15.90,0.0795,true,1,1429746
10321031,true,יופלה go,,,יופלה go,יחידה,0.00,יחידה,false,,0.00,0.0000,true,1,1423498
10321680,false,יוגורט 2.9% תות גו 2,,,יוגורט 2.9% תות גו 2,גרמים,200.00,100 גרם,false,,5.50,0.0275,true,1,1429413
10321697,false,יוגורט 2.9% אפרסק גו,,,יוגורט 2.9% אפרסק גו,גרמים,200.00,100 גרם,false,,5.50,0.0275,true,1,1429408
10322014,false,טופו טבעי 300 גרם,,,טופו טבעי 300 גרם,גרמים,300.00,100 גרם,false,,11.90,0.0397,true,1,1429489
10322021,false,טופו בזיליקום 300 גר,,,טופו בזיליקום 300 גר,גרמים,300.00,100 גרם,false,,11.90,0.0397,true,1,1429626
10322946,false,יוגורט תות ובננה סמו,,,יוגורט תות ובננה סמו,מיליליטרים,348.00,"100 מ""ל",false,,11.90,0.0342,true,1,1429861
10323073,false,משקה יוגורט 1% 20 גר,,,משקה יוגורט 1% 20 גר,מיליליטרים,250.00,"100 מ""ל",false,,6.10,0.0244,true,1,1429863
10324551,false,יוגורט טיוב תות סמוט,,,יוגורט טיוב תות סמוט,מיליליטרים,348.00,"100 מ""ל",false,,11.90,0.0342,true,1,1429294
11115173,true,"תחליב רחצה וניל 1 ל""",,,"תחליב רחצה וניל 1 ל""",יחידה,0.00,יחידה,false,,0.00,0.0000,true,1,1423163
11179345,false,כוסות שתיה קרה 100 י,כוסות שתיה קרה 4 ב 1,,כוסות שתיה קרה 100 י,יחידה,100.00,יחידה,false,,6.80,0.0680,true,1,1415615
11499327,true,בולגרית מעודנת 5%,,,בולגרית מעודנת 5%,יחידה,0.00,יחידה,false,,0.00,0.0000,true,1,1423166
12000001,true,"כוס370 מ""ל 12oz",,,"כוס370 מ""ל 12oz",יחידה,0.00,יחידה,false,,2999.90,0.0000,true,1,1423562
12890325,true,מפעל-צבע מאכל קרמלE,,,מפעל-צבע מאכל קרמלE,קילוגרמים,1.00,"ק""ג",true,,0.00,0.0000,true,1,1423605
13022038,true,טופו פיקנטי 300 גרם,,,טופו פיקנטי 300 גרם,גרמים,0.00,100 גרם,false,,12.70,0.0000,true,1,1429627
13024704,true,טופו פרובנס 300 גרם,,,טופו פרובנס 300 גרם,גרמים,0.00,100 גרם,false,,12.70,0.0000,true,1,1429628
13170004,true,מפעל -QUICKDESבלון1,,,מפעל -QUICKDESבלון1,יחידה,0.00,יחידה,false,,0.00,0.0000,true,1,1423154
13170007,true,מפעל-מטליותQUICKDES,,,מפעל-מטליותQUICKDES,יחידה,0.00,יחידה,false,,0.00,0.0000,true,1,1423155
13170019,true,מפעל-אלום 10,,,מפעל-אלום 10,יחידה,0.00,יחידה,false,,0.00,0.0000,true,1,1423523
13170022,true,מפעל DES -TOP,,,מפעל DES -TOP,יחידה,0.00,יחידה,false,,0.00,0.0000,true,1,1423554
13180018,true,מפעל-ניילון שקוף320,,,מפעל-ניילון שקוף320,קילוגרמים,1.00,"ק""ג",true,,0.00,0.0000,true,1,1423518
13180019,true,מפעל-ניילון שקוף240,,,מפעל-ניילון שקוף240,יחידה,0.00,יחידה,false,,0.00,0.0000,true,1,1422801
13180020,true,מפעל-שקית ארגזים90*,,,מפעל-שקית ארגזים90*,יחידה,0.00,יחידה,false,,0.00,0.0000,true,1,1422802
13180021,true,מפעל-ניילון שקוף250,,,מפעל-ניילון שקוף250,קילוגרמים,1.00,"ק""ג",true,,0.00,0.0000,true,1,1423519
13180033,true,"מפעל-ניילון מס- 10 """,,,"מפעל-ניילון מס- 10 """,קילוגרמים,1.00,"ק""ג",true,,0.00,0.0000,true,1,1423520
13180070,true,מפעל-ניילון שקוףPET,,,מפעל-ניילון שקוףPET,קילוגרמים,1.00,"ק""ג",true,,0.00,0.0000,true,1,1423612
13180071,true,מפעל-ניילון שקוףPET,,,מפעל-ניילון שקוףPET,קילוגרמים,1.00,"ק""ג",true,,0.00,0.0000,true,1,1423615
13180072,true,מפעל-רדיד דיו110*3,,,מפעל-רדיד דיו110*3,קילוגרמים,1.00,"ק""ג",true,,0.00,0.0000,true,1,1423616
13180073,true,מפעל-גביע נטורל 2.5,,,מפעל-גביע נטורל 2.5,יחידה,0.00,יחידה,false,,0.00,0.0000,true,1,1422807
13180077,true,מפעל-גביע נטורל3.25,,,מפעל-גביע נטורל3.25,יחידה,0.00,יחידה,false,,0.00,0.0000,true,1,1422808
13180081,true,מפעל-ניילון30\ BOPP,,,מפעל-ניילון30\ BOPP,קילוגרמים,1.00,"ק""ג",true,,0.00,0.0000,true,1,1423624
13180082,true,מפעל-ניילון30\ BOPP,,,מפעל-ניילון30\ BOPP,קילוגרמים,1.00,"ק""ג",true,,0.00,0.0000,true,1,1423625
13180084,true,מפעל-ניילון30\ BOPP,,,מפעל-ניילון30\ BOPP,קילוגרמים,1.00,"ק""ג",true,,0.00,0.0000,true,1,1423634
13290001,true,מפעל-כפפות ניטרל S,,,מפעל-כפפות ניטרל S,יחידה,0.00,יחידה,false,,0.00,0.0000,true,1,1423156
13290003,true,מפעל -ניטריל כפפותM,,,מפעל -ניטריל כפפותM,יחידה,0.00,יחידה,false,,0.00,0.0000,true,1,1423157
13290029,true,מפעל-כפפות ניטרל XL,,,מפעל-כפפות ניטרל XL,יחידה,0.00,יחידה,false,,0.00,0.0000,true,1,1423623
13290030,true,"מפעל-מעיל "" דובון """,,,"מפעל-מעיל "" דובון """,יחידה,0.00,יחידה,false,,0.00,0.0000,true,1,1423633
13400009,true,מפעל-ארגז 005 סושי0,,,מפעל-ארגז 005 סושי0,יחידה,0.00,יחידה,false,,0.00,0.0000,true,1,1423521
14759978,false,גבינת קולאז קצקבל,Unknown,,קצקבל גלעד 27% פלח 2,גרמים,200.00,100 גרם,false,,24.90,0.1245,true,1,1411354
15580441,true,כפפות לטקס XL,,,כפפות לטקס XL,יחידה,0.00,יחידה,false,,0.00,0.0000,true,1,1423168
20050025,true,מפעל-מזלג חד פעמי10,,,מפעל-מזלג חד פעמי10,יחידה,0.00,יחידה,false,,0.00,0.0000,true,1,1423564
20050026,true,מפעל-כפית חד פעמי10,,,מפעל-כפית חד פעמי10,יחידה,0.00,יחידה,false,,0.00,0.0000,true,1,1423565
20080017,true,מפעל-סווב ATP,,,מפעל-סווב ATP,יחידה,0.00,יחידה,false,,0.00,0.0000,true,1,1423561
20080063,true,מפעל-גסטרונום1/1-65,,,מפעל-גסטרונום1/1-65,יחידה,0.00,יחידה,false,,0.00,0.0000,true,1,1423595
20080064,true,מפעל-קופסא38X32X 10,,,מפעל-קופסא38X32X 10,יחידה,0.00,יחידה,false,,0.00,0.0000,true,1,1423596
20080065,true,מפעל-מכסה לקופסא 10,,,מפעל-מכסה לקופסא 10,יחידה,0.00,יחידה,false,,0.00,0.0000,true,1,1423597
20080067,true,מפעל-מכסה לקופסא 8,,,מפעל-מכסה לקופסא 8,יחידה,0.00,יחידה,false,,0.00,0.0000,true,1,1423598
20080075,true,מפעל-גסטרונום1/1-20,,,מפעל-גסטרונום1/1-20,יחידה,0.00,יחידה,false,,0.00,0.0000,true,1,1423607
21133003,true,"פ -4מס 1 """,,,"פ -4מס 1 """,קילוגרמים,1.00,"ק""ג",true,,0.00,0.0000,true,1,1423448
30112902,true,ocbקטן,,,ocbקטן,יחידה,0.00,יחידה,false,,0.00,0.0000,true,1,1423182
30118973,true,ocbמדיום,,,ocbמדיום,יחידה,0.00,יחידה,false,,0.00,0.0000,true,1,1423183
40052403,false,קיט קט 4 אצבעות שוקולד חלב,נסטלה Nestle,,קיט קט 4 אצבעות 41.5,גרמים,41.00,100 גרם,false,,4.50,0.1098,true,1,1412171
40144061,false,קנופרס חטיף וופל 25 גרם 24 יח,ליימן שליסל,,וופל קנופרס 25 גרם,גרמים,25.00,100 גרם,false,,3.30,0.1320,true,1,1438259
54051140,false,מעדן סויה טעם וניל אלפרו רביעיה * 125 ג',הנסיך- מפעל לייצור ט,,אלפרו מעדן סויה וניל,גרמים,500.00,100 גרם,false,,16.90,0.0338,true,1,1414110
54051157,false,מעדן סויה טעם שוקו אלפרו רביעיה 125 ג',קריות זול,,אלפרו מעדן סויה שוקו,גרמים,500.00,100 גרם,false,,16.90,0.0338,true,1,1414111
67331322,true,OCBארוך,,,OCBארוך,יחידה,0.00,יחידה,false,,0.00,0.0000,true,1,1423559
67346241,true,OCBקטן,,,OCBקטן,יחידה,0.00,יחידה,false,,0.00,0.0000,true,1,1423560
72940754,false,"מילקי מעדן וניל עם קצפת שטראוס 133 מ""ל","שטראוס גרופ בע""\מ",,מילקי מעדן וניל עם ק,גרמים,133.00,100 גרם,false,,2.70,0.0203,true,1,1405555
72940761,false,"מילקי מעדן שוקולד עם קצפת שטראוס 133 מ""ל",מיוצר עי קונדיטוריית,,"מילקי שוקולד 170 מ""ל",מיליליטרים,170.00,"100 מ""ל",false,,2.70,0.0159,true,1,1405556
72940952,false,מעדן מילקי בטעם שוקולד עם אקסטרה קצפת,"שטראוס גרופ בע""\מ",,מילקי אקסטרה קצפת 17,מיליליטרים,170.00,"100 מ""ל",false,,3.50,0.0206,true,1,1405557
72940976,false,סלט כרוב אדום אחלה 250 גרם,מיוצר עי קונדיטוריית,,כרוב אדום 250 גרם,גרמים,250.00,100 גרם,false,,7.40,0.0296,true,1,1405558
72941041,false,מעדן מילקי מיני בטעם שוקולד עם קצפת,"שטראוס גרופ בע""\מ",,מיני מילקי בטעם שוקו,גרמים,71.00,100 גרם,false,,2.00,0.0282,true,1,1405560
72961506,false,יוגורט עם תות 1.5% שומן 125 ג' פרילי,מיוצר עי קונדיטוריית,,פרילי תות 1.5% 125 מ,מיליליטרים,125.00,"100 מ""ל",false,,3.30,0.0264,true,1,1411359
72961520,false,"פרילי יוגורט עם אננס 1.5% תנובה 125 מ""ל",מיוצר עי קונדיטוריית,,פרילי אננס 1.5% 125,מיליליטרים,125.00,"100 מ""ל",false,,3.30,0.0264,true,1,1411361
72961544,false,"באדי יוגורט בטעם תות שדה 3% תנובה 125 מ""ל",מחלבת אלון תבור,,באדי יוגרט תות גביע,מיליליטרים,125.00,"100 מ""ל",false,,3.00,0.0240,true,1,1411362
72964132,false,פרילי טבע יוגורט עם גרנולה 200 גרם,מיוצר עי קונדיטוריית,,פרילי טבע 200 גרם תנ,מיליליטרים,200.00,"100 מ""ל",false,,4.70,0.0235,true,1,1411366
72964422,false,יוגורט פרחים 4.5% שומן 200 גרם,מחלבת תנובה,,יוגורט לבן 4.5% תנוב,גרמים,200.00,100 גרם,false,,2.60,0.0130,true,1,1411367
72986370,false,"גלידת בן & ג'ריס פיינטים וניל 500מ""ל",מוצרי איכות אמריקאיים,,גלידה וניל בן & ג'רי,מיליליטרים,500.00,"100 מ""ל",false,,21.90,0.0438,true,1,1416850
72986424,false,"גלידת בן & ג'ריס פיינטים קרם עוגיות 500מ""ל",מוצרי איכות אמריקאיים בע,,גלידה קרם עוגיות בן,מיליליטרים,500.00,"100 מ""ל",false,,21.90,0.0438,true,1,1416851
72986448,false,"גלידת בן & ג'ריס פיינטים טופי קראנץ 500מ""ל",מוצרי איכות אמריקאיים בע,,גלידת וניל וטופי בן,מיליליטרים,473.00,"100 מ""ל",false,,21.90,0.0463,true,1,1416852
72986455,false,"גלידה בן& ג'ריס ניו יורק סופר פאדג' צ'אנק 500 מ""ל",מוצרי איכות אמריקאיים בע,,גלידת שוקולד ניו יור,מיליליטרים,500.00,"100 מ""ל",false,,21.90,0.0438,true,1,1416853
72993637,false,מעדן חלב בטעם שוקולד 125 ג' דני,"שטראוס גרופ בע""\מ",,דני מעדן חלב בטעם שו,גרמים,125.00,100 גרם,false,,2.50,0.0200,true,1,1405564
80050025,false,סוכריות טיק טק תפוז 16 גרם,פררו - אלבה,,סוכריות טיק טק תפוז,גרמים,16.00,100 גרם,false,,3.00,0.1875,true,1,1415379
80050278,false,פררו רושר חטיף כדורים שלישיה 40ג',פררו - אלבה,,פררו רושר שלשה 37.5,גרמים,37.50,100 גרם,false,,5.40,0.1440,true,1,1415381
80136194,false,חטיפי הפי היפו Happy Hippo במילוי קרם חלבי ואגוזי לוז,קינדר Kinder,,קינדר הפי היפו אגוז,גרמים,103.50,100 גרם,false,,12.50,0.1208,true,1,1415387
80176800,false,ממרח שוקולד נוטלה 750 גרם,פררו תעשיות איטליה ס,,ממרח אגוזי לוז עם קק,גרמים,750.00,100 גרם,false,,24.90,0.0332,true,1,1415388
80177173,false,ממרח שוקולד נוטלה 350 גרם,פררו - אלבה,,ממרח אגוזי לוז עם קק,גרמים,350.00,100 גרם,false,,12.90,0.0369,true,1,1415389
80177180,false,שוקולד קינדר קאונטרי 23.5 גרם,ליימן שליסל,,שוקולד קינדר עם דגני,גרמים,23.50,100 גרם,false,,2.60,0.1106,true,1,1415390
80177609,false,אצבעות שוקולד קינדר Kinder ארבע יחידות,פררו - אלבה,,אצבעות שוקולד במילוי,גרמים,50.00,100 גרם,false,,3.40,0.0680,true,1,1415391
80177616,false,אצבעות שוקולד קינדר Kinder שמונה יחידות,פררו - אלבה,,קינדר 100 גרם 10 יחי,גרמים,100.00,100 גרם,false,,6.90,0.0690,true,1,1415392
80310167,false,קינדר מקסי מאגדת שישיה,קינדר,,קינדר מקסי שישייה 12,גרמים,126.00,100 גרם,false,,9.50,0.0754,true,1,1415393
80761761,false,קינדר בואנו לבן בודד 39 גרם,ליימן שליסל,,קינדר בואנו לבן 39 ג,גרמים,39.00,100 גרם,false,,3.40,0.0872,true,1,1415395
80762348,false,מנטוס מסטיק מנטה במא,,,מנטוס מסטיק מנטה במא,יחידה,15.00,יחידה,false,,4.90,0.3267,true,1,1437651
80768654,true,מסטיק ננו בבל פרש20,,,מסטיק ננו בבל פרש20,יחידה,0.00,יחידה,false,,3.00,0.0000,true,1,1423627
80773429,false,מנטוס בקבוק מעוגל - מסטיק ללא סוכר בטעם תות 60 גרם,"פרפטי ואן מלה ג'\ידה,סאן",,מסטיק מנטוס בקבוק מע,גרמים,60.00,100 גרם,false,,8.80,0.1467,true,1,1412191
80773443,false,מנטוס בקבוק מעוגל - מסטיק ללא סוכר בטעם מנטה 60 גרם,"פרפטי ואן מלה ג'\ידה,סאן",,גומי לעיסה בטעם מנטה,גרמים,60.00,100 גרם,false,,8.80,0.1467,true,1,1412192
80780786,true,מסטיק ננו ספירמינט2,,,מסטיק ננו ספירמינט2,יחידה,0.00,יחידה,false,,3.00,0.0000,true,1,1423628
80790990,false,מסטיק מנטוס בבקבוק מעוגל בטעם פירות -מנטה 60 ג',"פרפטי ואן מלה ג'\ידה,סאן",,מסטיק מנטוס מעוגל 60,גרמים,60.00,100 גרם,false,,8.80,0.1467,true,1,1412196
80843184,false,מנטוס מסטיק פיור פרש בטעם ענבים 60גר,פרפטי ואן מלה הולנד,,מסטיק מנטוס בקבוק מע,גרמים,60.00,100 גרם,false,,9.90,0.1650,true,1,1438050
80892502,false,מנטוס מסטיק באבל פרש,,,מנטוס מסטיק באבל פרש,יחידה,15.00,יחידה,false,,4.90,0.3267,true,1,1436903
80913467,false,מנטוס בקבוק מעוגל - מסטיק ללא סוכר בטעם מנטה,פרפטי ואן מלה הולנד,,מסטיק מנטוס מנטה מעו,גרמים,60.00,100 גרם,false,,8.80,0.1467,true,1,1412207
80982470,false,מסטיק מנטוס פיור פרוסט בטעם מנטה חזק 60 גר',פרפטי ואן מלה ברדה,,מנטוס מסטיק פיור פרו,גרמים,60.00,100 גרם,false,,9.90,0.1650,true,1,1435434
80995128,false,מנטוס בקבוק עגול בטעם הדרים בתוספת ויטמינים 60 גרם,פרפטי ואן מלה הולנד,,מנטוס מסטיק הדרים בת,גרמים,60.00,100 גרם,false,,9.90,0.1650,true,1,1442400
87108019,false,סוכריות מנטוס מנטה37.5גר,פרפטי ואן מלה,,סוכריות בגליל בטעם מ,גרמים,37.50,100 גרם,false,,3.50,0.0933,true,1,1428515
87108538,false,סוכריות בטעם תות מנטוס 37.5 גרם,הדקלאים אגודת שיתופי,,סוכריות בגליל בטעם ת,גרמים,37.00,100 גרם,false,,3.50,0.0946,true,1,1412212
88888000,true,Temp SuperDept,,,Temp SuperDept,,0.00,,false,,0.00,0.0000,true,1,1420743
88888001,true,אוכל,,,אוכל,,0.00,,false,,0.00,0.0000,true,1,1420744
88888002,true,שתיה,,,שתיה,,0.00,,false,,0.00,0.0000,true,1,1443385
88888003,true,אימפולס,,,אימפולס,,0.00,,false,,0.00,0.0000,true,1,1443386
88888004,true,תוספות לקפה,,,תוספות לקפה,,0.00,,false,,0.00,0.0000,true,1,1420745
88888005,true,חומרי גלם,,,חומרי גלם,,0.00,,false,,0.00,0.0000,true,1,1420746
88888006,true,פירות וירקות,,,פירות וירקות,,0.00,,false,,0.00,0.0000,true,1,1443387
88888008,true,ללא מעמ,,,ללא מעמ,,0.00,,false,,0.00,0.0000,true,1,1420747
88888009,true,ניר פוד,,,ניר פוד,,0.00,,false,,0.00,0.0000,true,1,1443388
88888010,true,אלכוהול,,,אלכוהול,,0.00,,false,,0.00,0.0000,true,1,1443389
88888014,true,נון פוד,,,נון פוד,,0.00,,false,,0.00,0.0000,true,1,1443390
88888016,true,תפעול,,,תפעול,,0.00,,false,,0.00,0.0000,true,1,1443391
88888018,true,שוויצריה הקטנה,,,שוויצריה הקטנה,,0.00,,false,,0.00,0.0000,true,1,1420770
88888100,true,"מפעל-ללא מע""מ",,,"מפעל-ללא מע""מ",,0.00,,false,,0.00,0.0000,true,1,1443392
88888102,true,גלידות ושלגונים,,,גלידות ושלגונים,,0.00,,false,,0.00,0.0000,true,1,1420748
88888119,true,מאפים,,,מאפים,,0.00,,false,,0.00,0.0000,true,1,1443393
88888124,true,משקאות לא אלכוהוליים,,,משקאות לא אלכוהוליים,,0.00,,false,,0.00,0.0000,true,1,1443394
88888144,true,קינוחים,,,קינוחים,,0.00,,false,,0.00,0.0000,true,1,1443395
88888156,true,פירות וירקות לסחיטה,,,פירות וירקות לסחיטה,,0.00,,false,,0.00,0.0000,true,1,1420749
88888158,true,מוצרי מכולת,,,מוצרי מכולת,,0.00,,false,,0.00,0.0000,true,1,1420750
88888159,true,משקאות,,,משקאות,,0.00,,false,,0.00,0.0000,true,1,1420751
88888160,true,מצוננים,,,מצוננים,,0.00,,false,,0.00,0.0000,true,1,1420752
88888161,true,קפואים,,,קפואים,,0.00,,false,,0.00,0.0000,true,1,1420753
88888162,true,ירקות ופירות טריים,,,ירקות ופירות טריים,,0.00,,false,,0.00,0.0000,true,1,1420754
88888164,true,מוצרים לבית,,,מוצרים לבית,,0.00,,false,,0.00,0.0000,true,1,1420755
88888165,true,י שירות/ עזר לסניפים,,,י שירות/ עזר לסניפים,,0.00,,false,,0.00,0.0000,true,1,1420756
88888166,true,ארוחות מבושלות,,,ארוחות מבושלות,,0.00,,false,,0.00,0.0000,true,1,1420757
88888167,true,אריזות לזכיינים,,,אריזות לזכיינים,,0.00,,false,,0.00,0.0000,true,1,1443396
88888168,true,זיכויים,,,זיכויים,,0.00,,false,,0.00,0.0000,true,1,1420758
88888169,true,אבזרי עזר וייצור,,,אבזרי עזר וייצור,,0.00,,false,,0.00,0.0000,true,1,1420759
88888170,true,מזון טרי,,,מזון טרי,,0.00,,false,,0.00,0.0000,true,1,1420760
88888171,true,משקאות קרון,,,משקאות קרון,,0.00,,false,,0.00,0.0000,true,1,1420761
88888172,true,ירקות ופירות מעמ,,,ירקות ופירות מעמ,,0.00,,false,,0.00,0.0000,true,1,1420762
88888173,true,ל-חומרי גלם ואביזרים,,,ל-חומרי גלם ואביזרים,,0.00,,false,,0.00,0.0000,true,1,1443397
88888174,true,מפעל-תוצרת גמורה,,,מפעל-תוצרת גמורה,,0.00,,false,,0.00,0.0000,true,1,1420763
88888175,true,סיגריות,,,סיגריות,,0.00,,false,,0.00,0.0000,true,1,1420764
88888176,true,מאפה טרי פרדס,,,מאפה טרי פרדס,,0.00,,false,,0.00,0.0000,true,1,1420765
88888177,true,קצבייה פרדס,,,קצבייה פרדס,,0.00,,false,,0.00,0.0000,true,1,1420766
88888178,true,ואביזרים (ללא מלאי),,,ואביזרים (ללא מלאי),,0.00,,false,,0.00,0.0000,true,1,1443398
88888179,true,פירות יבשים ללא מעמ,,,פירות יבשים ללא מעמ,,0.00,,false,,0.00,0.0000,true,1,1433528
88888180,true,קצבייה שוויצריה,,,קצבייה שוויצריה,,0.00,,false,,0.00,0.0000,true,1,1430754
88888999,true,,,,,,0.00,,false,,0.00,0.0000,true,1,1420767
90087547,false,מיץ עגבניות 1 ליטר ראוך קרטונית,Rauch fruchtsafte gm,,מיץ עגבניות ראוצ' 1,מיליליטרים,1000.00,"100 מ""ל",false,,11.90,0.0119,true,1,1407724
90162602,false,רד בול משקה אנרגיה פקדון 30 אג,רד בול ג'י.אם.בי. אץ,,משקה אנרגיה רד בול 2,מיליליטרים,250.00,"100 מ""ל",false,,6.90,0.0276,true,1,1408156
90162800,false,רד בול משקה אנרגיה ללא סוכר פקדון 30 אג,רד בול ג'י.אם.בי. אץ,,משקה אנרגיה רד בול ל,מיליליטרים,250.00,"100 מ""ל",false,,6.90,0.0276,true,1,1408157
124076411,true,כוס אספרסו - די סי 1,,,כוס אספרסו - די סי1,יחידה,0.00,יחידה,false,,2999.90,0.0000,true,1,1423133
8421361298,true,בובת חתלתול TY,,,בובת חתלתול TY,יחידה,0.00,יחידה,false,,0.00,0.0000,true,1,1423364
9800800056,false,חטיף שוקולד עם מקלות לחם אנד גו,פררו - אלבה,,נוטלה טו גו 52 גרם,גרמים,52.00,100 גרם,false,,5.00,0.0962,true,1,1415400
11182700930,false,קינג קול שעועית אדומה כהה 439 גרם,הנובר פודס,,שעועית אדומה כהה קינ,גרמים,439.00,100 גרם,false,,9.90,0.0226,true,1,1437840
11182700954,false,קינג קול שעועית שחורה 439 גרם,האנאובר פודס קורפורשיין,,קינג קול שעועית שחור,גרמים,439.00,100 גרם,false,,9.90,0.0226,true,1,1421454
16229924263,false,"ארוי-די קרם קוקוס 250 מ""ל",תאי אגרי פוד פובליק קו'\,,"קרם קוקוס 250 מ""ל",גרמים,250.00,100 גרם,false,,9.90,0.0396,true,1,1441805
25675120068,false,מקלות חמצוצים בטעם קולה פשקז 100 גרם,פשקז Paskesz,,מקלות חמצוצים` 100 ג,גרמים,100.00,100 גרם,false,,8.90,0.0890,true,1,1441788
25700005650,false,שקיות הקפאה גדולות- 14 יח' זיפלוק,אס.סי.גונסון ובניו,,זיפלוק שקיות הקפאה ג,יחידה,14.00,יחידה,false,,13.90,0.9929,true,1,1433706
31290140237,false,שוקולד חלב שוקולד גודייבה פינגרס,"אולקר מקבוצת פלאדיס, ציק",,אצבעות שוקולד חלב גו,גרמים,90.00,100 גרם,false,,14.90,0.1656,true,1,1432697
36000516876,false,ממחטות נייר קלינקס לושן 3 שכבות 75 דף,חוגלה קימברלי,,טישו קלינקס 75 3 שכב,יחידה,75.00,יחידה,false,,9.90,0.1320,true,1,1427730
37000230045,true,פרינגלס שמנת ובצל18,,,פרינגלס שמנת ובצל18,יחידה,0.00,יחידה,false,,0.00,0.0000,true,1,1423190
37600207188,false,חמאת בוטנים סקיפי קלאסי 462 גרם,חברת המזון אלגוד,,חמאת בוטנים קלאסית ס,גרמים,462.00,100 גרם,false,,17.90,0.0387,true,1,1408158
37600207256,false,חמאת בוטנים עם שברי בוטנים סקיפי 462 גרם,חברת המזון אלגוד,,חמאת בוטנים סקיפי עם,גרמים,462.00,100 גרם,false,,17.90,0.0387,true,1,1408159
38000138720,false,חטיף צ'יפס פרינגלס ראנץ 158 גרם,פרינגלס מנופקצ'ורינג קונ,,פרינגלס ראנץ 158 גרם,גרמים,158.00,100 גרם,false,,7.90,0.0500,true,1,1420492
38000183690,false,חטיף צ'יפס פרינגלס מידי ברביקיו 71 גרם,פרינגלס מנופקצ'ורינג,,פרינגלס ברביקיו 71 ג,גרמים,71.00,100 גרם,false,,5.90,0.0831,true,1,1408162
38000183928,false,פרינגלס חרדל ודבש 158 גרם,פרינגלס מניופקצ'ורינ,,פרינגלס חרדל ודבש 15,גרמים,158.00,100 גרם,false,,7.90,0.0500,true,1,1420498
38000202278,false,חטיף צ'יפס גלי בטעם אורגינל מלוח,פרינגלס מנופקצ'ורינג,,פרינגלס wavy אורגינל,גרמים,137.00,100 גרם,false,,7.90,0.0577,true,1,1438533
38000232152,false,פרינגלס חטיפי תפוח אדמה בטעם ברביקיו 158 גרם,פרינגלס מנופקצ'ורינג קומ,,פרינגלס ברביקיו 158,גרמים,149.00,100 גרם,false,,7.90,0.0530,true,1,1427988
38000232176,false,פרינגלס ביג שמנת בצל 158 גרם,פרינגלס מנופקצ'ורינג קונ,,פרינגלס שמנת בצל 161,גרמים,158.00,100 גרם,false,,7.90,0.0500,true,1,1427986
38000232183,false,פרינגלס ביג אורגינל 149 גרם,פרינגלס מנופקצ'ורינג קונ,,פרינגלס אורגינל 149,גרמים,149.00,100 גרם,false,,7.90,0.0530,true,1,1427987
38000845000,true,פרינגלס שמנת ובצל18,,,פרינגלס שמנת ובצל18,יחידה,0.00,יחידה,false,,0.00,0.0000,true,1,1423191
38000845253,false,חטיף צ'יפס פרינגלס מידי שמנת בצל 71 גרם,פרינגלס מנופקצ'ורינג קונ,,פרינגלס שמנת בצל 71,גרמים,71.00,100 גרם,false,,5.90,0.0831,true,1,1408164
39000008280,true,טאקו 134gr,,,טאקו 134gr,יחידה,0.00,יחידה,false,,0.00,0.0000,true,1,1423382
41152232017,false,רובי קיסט רוטב חמוציות ג'לי 397 גרם,גולד פיור פוד,,רוטב חמוציות ג'לי רו,גרמים,397.00,100 גרם,false,,12.90,0.0325,true,1,1437841
41500007007,true,"פרנצ""ס חרדל לחיץ226",,,"פרנצ""ס חרדל לחיץ226",יחידה,0.00,יחידה,false,,0.00,0.0000,true,1,1423384
46214731552,false,עוגיות שוקולד צ'יפס 37% גודיס 225 גרם,קריניציה ויטמינה אס,,עוגיות שוקולד צ'יפס,גרמים,225.00,100 גרם,false,,7.90,0.0351,true,1,1414114
50000018741,true,פריסקי מעדני הים2.8,,,פריסקי מעדני הים2.8,יחידה,0.00,יחידה,false,,0.00,0.0000,true,1,1423216
50000084500,false,מזון יבש לחתול בטעם נתחי ברביקיו פריסקיז Friskies,נסטלה פורינה USA מק,,פריסקיז נתחי ברביקיו,גרמים,1400.00,100 גרם,false,,36.90,0.0264,true,1,1406797
50000237951,false,פריסקיז פארטי מיקס מיקס גריל קראנץ*60ג,נסטלה פורינה פטקר ארצות,,פריסקיז פארטי מיקס מ,גרמים,60.00,100 גרם,false,,13.90,0.2317,true,1,1441067
50000574438,false,"""פריסקיז פארטי מיקס מעדני ים קראנץ 60 גרם",נסטלה פורינה פטקר ארצות,,פריסקיז פארטי מיקס מ,גרמים,60.00,100 גרם,false,,13.90,0.2317,true,1,1441068
57067348245,true,OCBבינוני,,,OCBבינוני,יחידה,0.00,יחידה,false,,0.00,0.0000,true,1,1423567
72392636921,false,קרחונים סקיטלס מארז,ג'ל סארט,,קרחונים סקיטלס מארז,גרמים,283.50,100 גרם,false,,19.90,0.0702,true,1,1442285
75810021255,false,"סאן ג'יי רוטב תמרי ללא גלוטן 296 מ""ל",סאן גיי אינטרנשיונל,,רוטב סויה ללא גלוטן,מיליליטרים,296.00,"100 מ""ל",false,,28.90,0.0976,true,1,1437853
76840100156,false,"בן אנד גריס גלידת צרי גרסיה 500 מ""ל",מוצרי איכות אמריקאיים בע,,גלידה צ'רי גרסיה בן&,100 0,500.00,100 0,false,,21.90,0.0438,true,1,1416863
76840100583,false,"גלידת וניל עם בצק עוגיות בן וג'ירי 473 מ""ל",מוצרי איכות אמריקאיים בע,,גלידת וניל עם בצק עו,מיליליטרים,473.00,"100 מ""ל",false,,21.90,0.0463,true,1,1416864
77975088234,false,סניידרס שברי בייגלה בטעם חלפיניו 340 גרם,סניידרס אוף האנובר,,סניידרס חלפניו 340 ג,גרמים,340.00,100 גרם,false,,16.90,0.0497,true,1,1412245
78652673064,false,סט 3 קופסאות ריבועיות עם מכסה טורקיז,,,סט 3 קופסאות ריבועיו,יחידה,1.00,יחידה,false,,9.90,9.9000,true,1,1441918
78652693062,false,סט 3 קופסאות ריבועיות עם מכסה אדום,,,סט 3 קופסאות ריבועיו,יחידה,1.00,יחידה,false,,9.90,9.9000,true,1,1441919
290001427255,true,"קשת מיץ תפוחים 1 ל """,,,"קשת מיץ תפוחים 1 ל """,יחידה,0.00,יחידה,false,,0.00,0.0000,true,1,1423178
305210256712,false,וזלין לשפתיים אורגינל 0.25 אונקיה,"יוניליוור ג'ונסבורו,",,וזלין מיני לשפתיים א,גרמים,7.00,100 גרם,false,,13.90,1.9857,true,1,1409577
608614331475,false,כרובית ארוזה ביכורי,חקלאי,,כרובית,יח',1.00,יח',false,,9.90,9.9000,true,1,1406409
608614331482,false,חסה לבבות כוכב השדה,,,חסה לבבות כוכב השדה,יחידה,1.00,יחידה,false,,8.90,8.9000,true,1,1435164
693493182645,false,קפסולות ברזיל פרמיום רמי לוי,,,קפסולות תואם נספרסו,גרמים,55.00,100 גרם,false,,10.90,0.1982,true,1,1441669
728229123811,false,טרה חטיף על בסיס ירקות שורש בתיבול ים תיכוני 110 גרם,הונדורס צ'יפס יצור א,,טרה ירקות ים תיכוני,גרמים,110.00,100 גרם,false,,14.90,0.1355,true,1,1414391
728229130154,false,טרה חטיף על בסיס בטטה וסלק בטעם טבעי 110 גרם,הונדורס צ'יפס יצור א,,טרה בטטה וסלק 110 גר,גרמים,110.00,100 גרם,false,,14.90,0.1355,true,1,1410373
768404001640,false,"גלידה בן&ג'ריס קפה משפחתית 500מ""ל",מוצרי איכות אמריקאיים בע,,"בן אנד ג""ריז קפה",100 0,500.00,100 0,false,,21.90,0.0438,true,1,1416880
769904001116,true,קוסקוס ללא גלוטן200,,,קוסקוס ללא גלוטן200,יחידה,0.00,יחידה,false,,0.00,0.0000,true,1,1423574
770009011924,true,ניירות אפייה מנייר1,,,ניירות אפייה מנייר1,יחידה,0.00,יחידה,false,,0.00,0.0000,true,1,1423353
805278150149,true,"אורז בסמטי 1 ק""גTAZ",,,"אורז בסמטי 1 ק""גTAZ",יחידה,0.00,יחידה,false,,0.00,0.0000,true,1,1423362
818570007066,false,"פיור וניל טהור 29 מ""ל ""ווטקינס""","ג'יי אר ווטקינס בע""מ",,תמצית וניל טהור ווטק,מיליליטרים,29.00,"100 מ""ל",false,,29.90,1.0310,true,1,1438579
837038000135,true,spices naturalמטחנה,,,spices naturalמטחנה,יחידה,0.00,יחידה,false,,0.00,0.0000,true,1,1423501
838948002271,false,עוגיות שוקולד ציפס 200ג,שניידרס,,שניידרס עוגיות שוקול,גרמים,200.00,100 גרם,false,,10.90,0.0545,true,1,1437490
850006036028,false,מאפה חיטה מקלונים בטעם סלק בצל 400 ג' עבאדי,עבאדי,,מאפה חיטה מקלונים בט,גרמים,400.00,100 גרם,false,,19.90,0.0497,true,1,1440612
850307005716,false,איטר.ביצים 500 גרם בורג spiral,א.ל.ב. גולד,,איטריות ביצים בורג 5,גרמים,500.00,100 גרם,false,,10.00,0.0200,true,1,1406027
859547004329,false,ספוג ניקוי צבעוני סקראב דדי Scrub Daddy,סקארקיסט,,ספוג ניקוי בצבעים סק,גרמים,34.00,100 גרם,false,,18.90,0.5559,true,1,1440060
884912342737,false,דגני בוקר קריספי וופל פוסט 326 גרם.,הנסיך- מפעל לייצור ט,,דגני בוקר וופל קריספ,גרמים,326.00,100 גרם,false,,19.90,0.0610,true,1,1429045
893594002068,false,"חטיף פופקורן צ`יפס עם מלח ים,28 ג HANTRONIX",PepsiCo inc. Frito lay Division,,פופקורנס מלח ים 28 ג,גרמים,28.00,100 גרם,false,,5.90,0.2107,true,1,1441753
3010470158221,false,פריסקיז פ.עוף וירקות400ג,ניו פטפוד איטליה,,פריסקיז פטה עוף וירק,גרמים,400.00,100 גרם,false,,9.90,0.0248,true,1,1406803
3046920028004,false,לינדט שוקולד אקסלנס מריר 70% 100 גר,לינדט ושפרונגלי קילשברג,,שוקולד לינדט אקסלנס,גרמים,100.00,100 גרם,false,,14.90,0.1490,true,1,1417899
3046920029759,false,לינדט אקסלנס 90% מוצקי קקאו 100 גרם,לינדט ושפרונגלי קילשברג,,שוקולד לינדט אקסלנס,גרמים,100.00,100 גרם,false,,14.90,0.1490,true,1,1428197
3073781161663,false,גבינה מותכת 18.5% שומן לה וואש קירי,לה וואש קירי La Vache qui rit,,גבינה מותכת לה ואש ק,גרמים,128.00,100 גרם,false,,12.90,0.1008,true,1,1438061
3073781162790,false,גבינה מותכת בייבי בל 120 גרם,מחלבות בל,,בייבי בל אדם 120 גר',גרמים,120.00,100 גרם,false,,19.90,0.1658,true,1,1440755
3161911229199,false,חמאה צרפתית רכה למריחה אל & ויר 250 גרם,אלל אה וויר,,חמאה רכה אלוויר 250,גרמים,250.00,100 גרם,false,,21.90,0.0876,true,1,1408940
3161911366429,false,חמאה צרפתית מלוחה רכה למריחה אלוויר 250 גר',ארזינא,,חמאה רכה מלוחה אלווי,גרמים,250.00,100 גרם,false,,21.90,0.0876,true,1,1408942
3183280028036,false,"מלח ים גס בשקית 1 ק""ג LA BALEINE",,,"מלח ים גס בשקית 1 ק""",גרמים,1000.00,100 גרם,false,,15.90,0.0159,true,1,1414473
3321206925148,true,רובה רעש אם 16,,,רובה רעש אם 16,יחידה,0.00,יחידה,false,,0.00,0.0000,true,1,1423550
3523230045827,false,גבינת סנט מור עיזים160גר,סואניון,,גבינת סנט מור מחלב ע,גרמים,160.00,100 גרם,false,,26.90,0.1681,true,1,1408961
3574660240030,false,טמפונים או בה פרו קומפורט נורמל 32 יח,פארמה דיל,,או בה פרו קומפורט נו,יחידה,32.00,יחידה,false,,19.90,0.6219,true,1,1432138
3574661425696,false,גונסונס בייבי תחליב לתינוק 500 מל,ג'ונסונס Johnson's,,גונסון בייבי תחליב 5,מיליליטרים,500.00,"100 מ""ל",false,,29.50,0.0590,true,1,1414128
3574661487625,false,מגן תחתון קרפרי מקסי לארג 48 יחידות,הדקלאים אגודת שיתופי,,קרפרי מגן תחתון מקסי,יחידה,48.00,יחידה,false,,15.90,0.3313,true,1,1437625
3574661552576,false,קרפרי מגן תחתון רגיל טנגה לבן 56 יח חדש,הדקלאים אגודת שיתופי,,קרפרי מגן תחתון רגיל,יחידה,56.00,יחידה,false,,15.90,0.2839,true,1,1437626
3800020423578,false,קיט קט שוקולד אצבעות צ'אנקי אדום 40ג',נסטלה בולגריה A.D,,קיט קט צ'אנקי חלב 40,גרמים,40.00,100 גרם,false,,4.50,0.1125,true,1,1412252
3800090603191,false,ממחטות אף כיס כחול,,,ממחטות אף כיס כחול,יחידה,0.00,יחידה,false,,7.90,0.0000,true,1,1423829
3823483823488,true,רעשן עץ 2,,,רעשן עץ 2,יחידה,0.00,יחידה,false,,0.00,0.0000,true,1,1423551
3838824127163,false,פאלטה סמי קיט 10-1 בלונד כסוף,שוורצקופף והנקל,,פאלטה סמי קיט -10-1ב,יחידה,1.00,יחידה,false,,15.90,15.9000,true,1,1422057
3838824127286,false,צבע לשיער פלטה - 7-0 בלונד בינוני,שוורצקופף והנקל,,פאלטה סמי קיט -בלונד,יחידה,1.00,יחידה,false,,15.90,15.9000,true,1,1421258
3838824127507,false,פלטה סמי קיט חום קטיפתי 4-60 צבע שיער,שוורצקופף והנקל,,פלטה סמי קיט -חום קט,יחידה,1.00,יחידה,false,,15.90,15.9000,true,1,1422063
3838824127583,false,צבע לשיער פלטה - 6-88 אדום בוער,שוורצקופף והנקל,,פלטה סמי קיט -אדום ב,יחידה,1.00,יחידה,false,,15.90,15.9000,true,1,1421260
3838824193915,false,צבע לשיער 1-0 שחור סמי קיט פאלטה,שוורצקופף והנקל,,פלטה סמי קיט -שחור 1,יחידה,1.00,יחידה,false,,15.90,15.9000,true,1,1422065
4000417022004,false,ריטר ספורט שוקולד חלב מעולה עם צימוקים ואגוזי לוז 100 גרם,ריטר ספורט Ritter sport,,שוקולד חלב עם צימוקי,גרמים,100.00,100 גרם,false,,8.90,0.0890,true,1,1412258
4000417025005,false,שוקולד מריר במילוי מרציפן ריטר ספורט 100 גרם,ריטר ספורט Ritter sport,,שוקולד מריר במילוי מ,גרמים,100.00,100 גרם,false,,8.90,0.0890,true,1,1412261
4000417212009,false,ריטר ספורט שוקולד מריר מעולה עם שקדים קצוצים וקליפות תפוז מסוכרות,ריטר ספורט Ritter sport,,שוקולד מריר עם תפוז,גרמים,100.00,100 גרם,false,,8.90,0.0890,true,1,1412264
4000522009747,false,"מקלות בייגלה תפו""א צ'יו 80 גרם",טרופיקל דגיל תעשיות,,בייגלה צ'יו מקלות תפ,גרמים,80.00,100 גרם,false,,3.90,0.0487,true,1,1414035
4003754092006,false,מרציפן קלאסי סרגל 125 גרם CARETENS,,,סרגל מרציפן מעולה מצ,גרמים,125.00,100 גרם,false,,11.90,0.0952,true,1,1434917
4005500534600,false,טבלת שוקולד קראנץ' ל,,,שוקולד קראנץ לבן 10,,1.00,יח,false,,11.90,11.9000,true,1,1442325
4005900555540,false,לבלו כחול אורגינל,,,לבלו כחול אורגינל,יחידה,1.00,יחידה,false,,10.90,10.9000,true,1,1411892
4005900555717,false,לבלו דובדבנים מבריק בית,,,לבלו דובדבן עם ברק,יחידה,1.00,יחידה,false,,10.90,10.9000,true,1,1411893
4006387085407,false,שלישיית פילטר מקסטרא סודהסטרים,סודה קלאב,,שלישיית פילטר MAXTRA,יחידה,3.00,יחידה,false,,119.00,39.6667,true,1,1429371
4006814000720,false,סנטה קלנדר 75 גר WAWI,WAWI GROUP,,סנטה קלנדר 75 גרם,גרמים,75.00,100 גרם,false,,9.90,0.1320,true,1,1443415
4006814000751,false,סנטה בודד עם כובע 80 גר,WAWI GROUP,,שוקולד חלב סנטה עם כ,גרמים,80.00,100 גרם,false,,12.90,0.1613,true,1,1419253
4006814011061,false,שוקולד סנטה קלאוז בו,WAWI Euro Gmbh,,"שוק ""סנטה בודד60 ג """,גרמים,60.00,100 גרם,false,,5.50,0.0917,true,1,1419255
4006814072000,false,שוקולד סנטה שקית 200,WAWI Euro Gmbh,,סנטה שקית 200 גר',גרמים,200.00,100 גרם,false,,16.90,0.0845,true,1,1419259
4008287051032,false,בירה קרומבאכר פילס 0.50 ליטר פחית,מנדלז סי.אר. פרודקשן,,בירה קרומבאכר פילס 5,מיליליטרים,500.00,"100 מ""ל",false,,10.90,0.0218,true,1,1435233
4008287762020,false,בירה קרומבאכר חיטה 0.50 ליטר בקבוק,קרומבכר בראורי,,בירה קרומבאכר חיטה 5,מיליליטרים,500.00,"100 מ""ל",false,,10.90,0.0218,true,1,1435234
4008429056710,false,אוכל לחתולים ויסקס ב,ויסקס Whiskas,,ויסקאס פחית בקר 400,גרמים,400.00,100 גרם,false,,10.90,0.0273,true,1,1410251
4008429951916,false,אוכל לחתולים ויסקס ט,ויסקס Whiskas,,ויסקאס פחית טונה 400,גרמים,400.00,100 גרם,false,,10.90,0.0273,true,1,1410252
4009182000361,true,"אטבי כביסה 40 יח """,,,"אטבי כביסה 40 יח """,יחידה,0.00,יחידה,false,,0.00,0.0000,true,1,1423194
4009300522935,false,תה ירוק לימונית ולואיזה פומפדור 20 יחידות,"איטיליאן פוד, אס.פי.",,תה ירוק לימונית ולוא,גרמים,35.00,100 גרם,false,,16.90,0.4829,true,1,1414135
4009300522966,false,תה ירוק עם נענע פומפדור 20 יחידות,"איטיליאן פוד, אס.פי.",,תה ירוק נענע פומפדור,גרמים,36.00,100 גרם,false,,16.90,0.4694,true,1,1414136
4009300525684,false,חליטת צמחים פומפדור ג'ינג'ר ולימון 20 יחידות,פומפדור Pompadour,,חליטת לימון ג'ינג'ר,גרמים,35.00,100 גרם,false,,15.90,0.4543,true,1,1434529
4011800528416,false,קורני חטיף דגנים עם בוטנים מתוק-מלוח*6,שוורטאוור וורקה,,קורני בייס סויט&סול,גרמים,150.00,100 גרם,false,,10.90,0.0727,true,1,1438580
4011800562014,true,חטיף קורני 2,,,חטיף קורני 2,יחידה,0.00,יחידה,false,,0.00,0.0000,true,1,1423402
4011800567613,false,מאגדת קורני מילק דרק & ואיט 120 גרם,מיוצר עי קונדיטוריית,,קורני מילק דרק&ואיט,גרמים,120.00,100 גרם,false,,10.90,0.0908,true,1,1414393
4011800628512,false,חטיף קורני שוקולד חלב 6 יח 150 גר,מיוצר עי קונדיטוריית,,קורני בייס שוקו 150,גרמים,150.00,100 גרם,false,,10.90,0.0727,true,1,1410374
4011800629519,false,"מארז חטיפי דגנים אגוזים ""קורני""",שוורטאוור וורקה,,קורני בייס נאטס 150,גרמים,150.00,100 גרם,false,,10.90,0.0727,true,1,1414394
4011800630515,false,חטיף קורני שוקולד חלב ובננה 6 יח 150 גר,מיוצר עי קונדיטוריית,,קורני בייס שוק בננה,גרמים,150.00,100 גרם,false,,10.90,0.0727,true,1,1410377
4011800632519,false,"מארז חטיפי שוקולד חלב וקוקוס ""קורני""",מיוצר עי קונדיטוריית,,קורני בייס קוקונט 15,גרמים,150.00,100 גרם,false,,10.90,0.0727,true,1,1414395
4011800633516,false,קורני שוקולד מריר מעולה 58% קקאו 6*1,שוורטאוור וורקה,,קורני בייס דרק שוק 1,גרמים,138.00,100 גרם,false,,10.90,0.0790,true,1,1410378
4011800636517,false,קורני פרי שוקולד חלב מעולה ללא סוכר 6*1,מיוצר עי קונדיטוריית,,קורני פרי שוק 120 גר,גרמים,120.00,100 גרם,false,,10.90,0.0908,true,1,1414396
4014400901191,false,בונבונריית מרסי מבחר ממתקי שוקולד 250 גרם,ליימן מותגים,,בונבוניירת שוקולד חל,גרמים,250.00,100 גרם,false,,24.90,0.0996,true,1,1412275
4014400901405,false,בונבונריית מרסי מבחר ממתקי שוקולד חלב 250 גרם,קריניציה ויטמינה אס,,בונבוניירת שוקולד חל,גרמים,250.00,100 גרם,false,,26.90,0.1076,true,1,1412276
4014400914696,false,וורטרס אורגינל סוכריות ללא סוכר 80 גרם,ליימן מותגים,,סוכריות חמאה ללא סוכ,גרמים,80.00,100 גרם,false,,7.90,0.0988,true,1,1412284
4014400920857,false,וורטר אורגינל ללא סוכר בטעם שוקולד-שקית 70 גרם,קריניציה ויטמינה אס,,סוכריות ללא סוכר קרמ,גרמים,70.00,100 גרם,false,,9.90,0.1414,true,1,1412286
4014400923711,false,בונבוניירה שוקולד אגוזים טופיפי 125 גרם,ליימן מותגים,,בונבוניירה טופיפי 12,גרמים,125.00,100 גרם,false,,11.90,0.0952,true,1,1412287
4014400925319,false,וורטרס אורגינל פופקורן קרמל 140 גרם,וורטרס Werther's,,וורטר פופקורן קרמל 1,גרמים,140.00,100 גרם,false,,15.90,0.1136,true,1,1417976
4014400931327,false,ורטרס אורגינל פופקורן עם קרמל זרעי דלעת 1/12,וורטרס Werther's,,וורטרס אורגינל חטיף,גרמים,140.00,100 גרם,false,,15.90,0.1136,true,1,1440644
4014522120302,false,בודטה סוכריות בטעם מנטה ללא סוכר 100 גרם,,,סוכריות בטעם מנטה לל,גרמים,100.00,100 גרם,false,,10.90,0.1090,true,1,1409232
4015400564454,false,מגני תחתון אולוויז לארג' עם ניחוח מגה פק,פרוקטר אנד גמבל,,מגן תחתון אולוויז מג,גרמים,234.00,100 גרם,false,,16.90,0.0722,true,1,1416724
4015400681670,false,תחבושות אולוויז וליו פק לילה בטוח 18 יחידות,פרוקטר אנד גמבל,,תחבושות אולוויז וליו,גרמים,126.00,100 גרם,false,,16.90,0.1341,true,1,1416726
4015400700074,true,אולוויז תחבושת לונג+,,,אולוויז תחבושת לונג+,יחידה,0.00,יחידה,false,,0.00,0.0000,true,1,1423513
4015400731719,false,תחבושות היגייניות אולוויז יום ולילה Day & Night,פרוקטר אנד גמבל,,תחבושות אולוויז וליו,גרמים,126.00,100 גרם,false,,16.90,0.1341,true,1,1416730
4015400755487,false,תחבושות היגייניות אולוויז אולטרה לונג - 24 יח',פרוקטר אנד גמבל,,תחבושות אולוויז וליו,גרמים,132.00,100 גרם,false,,16.90,0.1280,true,1,1416733
4015400990482,false,"אבקת כביסה אריאל קולור 3 ק""ג",פרוקטר אנד גמבל,,אבקת כביסה אריאל קול,גרמים,3000.00,100 גרם,false,,34.90,0.0116,true,1,1432974
4015600762742,false,שמפו יומיומי למניעת קשקשים הנוסחה הקלאסית,הד אנד שולדרס H&S,,שמפו לשיער הנוסחה הק,מיליליטרים,500.00,"100 מ""ל",false,,17.90,0.0358,true,1,1416736
4015600763022,false,שמפו יומיומי למניעת קשקשים לשיער יבש/פגום לשיער רך כמשי,הד אנד שולדרס H&S,,שמפו לאישה למגע משי,מיליליטרים,500.00,"100 מ""ל",false,,17.90,0.0358,true,1,1416738
4017100198151,false,בלזן היט ביסקוויט עם מלית קרם בטעם וניל (41%) 220 גרם,הדקלאים אגודת שיתופי,,עוגיות היט וניל 220,גרמים,220.00,100 גרם,false,,9.90,0.0450,true,1,1412290
4017100216800,false,בלזן וופל מיניס מצופה שוקולד 100 גרם,בלזן פולסקה,,וופל מיניס שוקולד 10,גרמים,100.00,100 גרם,false,,9.90,0.0990,true,1,1412294
4017100364112,false,בלזן היט בסקוויט סנדביץ עם מלית קרם בטעם שוקולד קקאו (41%) 220 גרם,הדקלאים אגודת שיתופי,,עוגיות היט קקאו 220,גרמים,220.00,100 גרם,false,,9.90,0.0450,true,1,1412300
4018344511188,false,סלמון פראי ברוטב שום לארסן 200 גרם,,,סלמון ברוטב שום לרסן,גרמים,200.00,100 גרם,false,,11.90,0.0595,true,1,1441201
4022025261002,false,יין בלו ווין גוורצטרמינר 750 מל,לנגוט טראבן,,יין בלו ווין גוורצטר,מיליליטרים,750.00,"100 מ""ל",false,,49.90,0.0665,true,1,1429421
4025700001962,false,מילקה טבלה 100 גר' לבן 1/22 (4248023),פי אר ג'יי אס סי מונ,,שוקולד לבן מילקה 100,גרמים,100.00,100 גרם,false,,6.90,0.0690,true,1,1422867
4033100013348,true,100 LD,,,100 LD,יחידה,0.00,יחידה,false,,0.00,0.0000,true,1,1423195
4033100013355,true,100 LDפאקט,,,100 LDפאקט,יחידה,0.00,יחידה,false,,0.00,0.0000,true,1,1423196
4033100014468,true,LDאדום,,,LDאדום,יחידה,0.00,יחידה,false,,0.00,0.0000,true,1,1423383
4033100014529,true,LDסלימס,,,LDסלימס,יחידה,0.00,יחידה,false,,0.00,0.0000,true,1,1423197
4033100014536,true,LDסלימס פאקט,,,LDסלימס פאקט,יחידה,0.00,יחידה,false,,0.00,0.0000,true,1,1423198
4033100046490,true,וינסטון קוד אקווה10,,,וינסטון קוד אקווה10,יחידה,0.00,יחידה,false,,0.00,0.0000,true,1,1423199
4050328191924,false,ענב ירוק ארוז ייבוא,חקלאי,,ענב לבן 500 גרם,גרמים,500.00,100 גרם,false,,24.90,0.0498,true,1,1434489
4066600999614,false,"בירה פאולנר, בירת חיטה מעוננת, בקבוק 500 מ""ל",מבשלת פאולנר,,"פאולנר בקבוק 500 מ""ל",מיליליטרים,500.00,"100 מ""ל",false,,11.20,0.0224,true,1,1410605
4067600001123,false,פילה הרינג מעושן בשמן לארסן 190 גר,,,פילה הרינג מעושן לרס,גרמים,190.00,100 גרם,false,,11.90,0.0626,true,1,1441204
4084500065536,false,פנטן קרם לחות מוגברת לעיצוב שיער 300 מל,פרוקטר אנד גמבל,,פנטן קרם לחות לחות מ,מיליליטרים,300.00,"100 מ""ל",false,,20.90,0.0697,true,1,1432971
4603400000043,false,"וודקה רוסקיי סטנדרט 700 מ""ל",רוסקי סטנדרט וודקה,,וודקה רוסקי סטנדרט 7,מיליליטרים,700.00,"100 מ""ל",false,,64.90,0.0927,true,1,1416245
4605561010305,false,"חתיכות פילה הרינג עם שמיר בשמן 17.6 אונקיה, 500 גרם",LTD BREMOR SANTA SD,,פילה הרינג עם שמיר ב,גרמים,500.00,100 גרם,false,,27.90,0.0558,true,1,1438676
4605561011975,false,חתיכות פילה דג הרינג בשמן מצונן 150 גרם,LTD BREMOR SANTA SD,,חתיכות פילה הרינג בש,גרמים,150.00,100 גרם,false,,7.90,0.0527,true,1,1440522
4605561013009,false,פילה דג הרינג בשמן 400 גרם,LTD BREMOR SANTA SD,,פילה הרינג בשמן 400,גרמים,400.00,100 גרם,false,,16.90,0.0422,true,1,1438681
4606203001279,true,פאקט-נקסט אורגינלFF,,,פאקט-נקסט אורגינלFF,יחידה,0.00,יחידה,false,,0.00,0.0000,true,1,1423480
4606260000185,false,תערובת לתיבול שישליק,,,תערובת לתיבול שישליק,גרמים,15.00,100 גרם,false,,2.90,0.1933,true,1,1435809
4606260000222,false,תערובת לתיבול עוף 15,,,תערובת לתיבול עוף 15,גרמים,15.00,100 גרם,false,,2.90,0.1933,true,1,1435812
4606260000499,false,תבלין קחמלי סונלי 15,,,תבלין חמלי סונלי 15,גרמים,15.00,100 גרם,false,,2.90,0.1933,true,1,1435815
4606260000505,false,תערובת לתיבול כיסוני,,,תערובת לתיבול כיסוני,גרמים,15.00,100 גרם,false,,2.90,0.1933,true,1,1435816
4606260000529,false,תערובת לתיבול תפוחי,,,תערובת לתיבול תפוחי,גרמים,15.00,100 גרם,false,,2.90,0.1933,true,1,1435817
4606260001038,false,תבלין פלפל שחור טחון,,,תבלין פלפל שחור טחון,גרמים,50.00,100 גרם,false,,7.90,0.1580,true,1,1435820
4606260004428,false,ויטקס תערובת תיבול ירקות מיובשים 50 גרם,,,ויטקס תערובת תיבול י,גרמים,50.00,100 גרם,false,,6.90,0.1380,true,1,1435825
4606260004541,false,תבלין זירה 10 גרם וי,,,תבלין זירה 10 גרם וי,גרמים,10.00,100 גרם,false,,2.90,0.2900,true,1,1435829
4606260004589,false,תבלין אורגנו 5 גרם ו,,,תבלין אורגנו 5 גרם ו,גרמים,5.00,100 גרם,false,,2.90,0.5800,true,1,1435830
4606260004657,false,תבלין כוסברה 10 גרם,,,תבלין כוסברה 10 גרם,גרמים,10.00,100 גרם,false,,2.90,0.2900,true,1,1435834
4606260004909,false,תבלין מלח לימון 50 ג,,,תבלין מלח לימון 50 ג,גרמים,50.00,100 גרם,false,,3.90,0.0780,true,1,1435835
4606260005098,false,תערובת לתיבול כרעיים,,,תערובת לתיבול כרעיים,גרמים,15.00,100 גרם,false,,2.90,0.1933,true,1,1435837
4606260005326,false,ויטקס עלי דפנה 50 גרם,ויטקס,,ויטקס עלי דפנה 50 גר,גרמים,50.00,100 גרם,false,,6.90,0.1380,true,1,1429254
4606260005722,false,תבלין בצל ירוק 7 גרם,,,תבלין בצל ירוק 7 גרם,גרמים,7.00,100 גרם,false,,2.90,0.4143,true,1,1435845
4607012351005,false,גרעיני חמניות מרטין ללא מלח 200 גרם,"נארז ע""י : א.ג. גילר",,כשלפ מרטין גרעיני חמ,גרמים,200.00,100 גרם,false,,12.90,0.0645,true,1,1437875
4607012351999,false,גרעיני חמניות מרטין עם מלח 200 גרם,"נארז ע""י : א.ג. גילר",,כשלפ מרטין גרעיני חמ,גרמים,200.00,100 גרם,false,,12.90,0.0645,true,1,1437620
4607012352453,false,גרעיני חמניות מרטין פסים עם מלח 150 גר,אל אל סי מרטין,,כשלפ מרטין גרעיני חמ,גרמים,150.00,100 גרם,false,,11.90,0.0793,true,1,1437621
4607026342495,false,"יין מבעבע ""אבראו דורסו"" ברוט 750 מ""ל",,,"יין מבעבע ""אבראו דור",מיליליטרים,750.00,"100 מ""ל",false,,35.90,0.0479,true,1,1438445
4710068001692,false,"מאסטר קפה לאטה פחית 240 מ""ל",תאיט מרקטינג אנד דיסטריב,,מאסטר קפה לאטה,מיליליטרים,240.00,"100 מ""ל",false,,7.20,0.0300,true,1,1410606
4710068001715,false,"מאסטר קפה טירמיסו פחית 240 מ""ל",יוני פרזינדנט אנטרפר,,קפה בטעם טירמיסו מאס,מיליליטרים,240.00,"100 מ""ל",false,,6.90,0.0288,true,1,1410607
4710068001739,false,"מאסטר קפה קולומביאני 250 מ""ל",יוני פרזינדנט אנטרפר,,קפה קולומביאני קלאסי,מיליליטרים,240.00,"100 מ""ל",false,,7.20,0.0300,true,1,1410608
4712566400052,true,"כוס נייר 50 4 יח """,,,"כוס נייר 50 4 יח """,יחידה,0.00,יחידה,false,,0.00,0.0000,true,1,1423208
4715896600048,true,עט לחצן 586,,,עט לחצן 586,יחידה,0.00,יחידה,false,,0.00,0.0000,true,1,1423209
4751001581475,false,ש.דג ריגה זהב קילקה ברוטב 280 ג צנצ.חדש,GAMMA-A,,שימורי דג קילקה שלמי,גרמים,280.00,100 גרם,false,,8.00,0.0286,true,1,1406066
4751003924003,false,סלט טונה עם ירקות איטלקי 185 ג' לארסן,,,סלט טונה איטלקי לרסן,גרמים,185.00,100 גרם,false,,11.90,0.0643,true,1,1441205
4751007738095,false,סלט סלמון וירקות מקסיקני לארסן 220 גרם,ס.י.א קרבלה,,סלט סלמון מקסיקני לר,גרמים,220.00,100 גרם,false,,11.90,0.0541,true,1,1441207
4751007738101,false,סלט סלמון עם ירקות איטלקי 220 ג' לארסן,ס.י.א קרבלה,,סלט סלמון איטלקי לרס,גרמים,200.00,100 גרם,false,,11.90,0.0595,true,1,1441208
4751007739917,false,נתחי דג סלמון במיץ טבעי תומר 185 גרם,,,סלמון במיץ טבעי 185,גרמים,185.00,100 גרם,false,,7.90,0.0427,true,1,1441209
4770179109991,false,בונ שוק עם וודקה 190 ג PERGALE,PERGALE,,בונ' שוק' עם וודקה,גרמים,190.00,100 גרם,false,,18.90,0.0995,true,1,1442015
4770179110126,false,בונ שוק עם ליקר שרי 190 ג PERGALE,BARILLA G.E.R.,,בונ' שוק' עם ליקר שר,גרמים,190.00,100 גרם,false,,18.90,0.0995,true,1,1442017
4770179125120,false,שוקולד מריר קלאסי פר,PERGALE,,שוקולד מריר קלאסי פר,גרמים,100.00,100 גרם,false,,5.50,0.0550,true,1,1419281
4770179125144,false,שוקולד פרגלה מריר עם,PERGALE,,שוקולד מריר עם קרם ק,גרמים,100.00,100 גרם,false,,5.50,0.0550,true,1,1419282
4770237056748,false,גלידת שמנת משובחת בטעם וניל בציפוי בטעם מסטיק SVALIA גר 58,ז'יטומרסקי זאבוד,,גלידת שמנת בטעם וניל,מיליליטרים,58.00,"100 מ""ל",false,,5.90,0.1017,true,1,1441026
4796012480034,true,שמן קוקוס אורגני300,,,שמן קוקוס אורגני300,יחידה,0.00,יחידה,false,,0.00,0.0000,true,1,1423469
4796012480201,true,שמן קוקוס אורגני500,,,שמן קוקוס אורגני500,יחידה,0.00,יחידה,false,,0.00,0.0000,true,1,1423210
4810168018795,false,חתיכות פילה דג הרינג מלוח מצונן 200גרם,LTD BREMOR SANTA SD,,חתיכות פילה דג הרינג,גרמים,200.00,100 גרם,false,,13.90,0.0695,true,1,1420366
4810168038267,false,גלידת שמנת בטעם וניל פלומביר בציפוי צימקאו אסקימו 65 גר YUKKI,Santa Bremor,,גלידה שמנת בטעם וניל,גרמים,65.00,100 גרם,false,,5.90,0.0908,true,1,1420377
4810168038977,false,גלידת שמנת בטעם וניל בגביע וופל אישי פלומביר 75 גרם YUKKI,Santa Bremor,,גלידת שמנת בטעם וניל,גרמים,75.00,100 גרם,false,,5.90,0.0787,true,1,1420378
4810168038984,false,גלידת שמנת משובחת בטעם וניל וופל בין השכבות 80 גר YUKKI,Santa Bremor,,גלידת שמנת משובחת בט,גרמים,80.00,100 גרם,false,,5.90,0.0738,true,1,1420379
4810168052270,false,עלי בלינצ'ס בבושקה אנה 320 גרם,,,עלי בלינצ'ס מוקפאים,גרמים,200.00,100 גרם,false,,10.90,0.0545,true,1,1438688
4810168053031,false,YUKKI גלידת שמנת משובחת בטעם שוקולד וופל בין שכבות 80גר,,,YUKKI גלידת שמנת משו,גרמים,80.00,100 גרם,false,,5.90,0.0738,true,1,1441035
4810168057435,false,חתיכות פילה דג XXLהרינג מלוח בשמן מצונן 400 גרם,,,חתיכות פילה דג הרינג,גרמים,400.00,100 גרם,false,,27.90,0.0697,true,1,1440527
4810168057510,false,חתיכות פילה דג הרינג מתובל מלוח בשמן 400 גרם,,,חתיכות פילה דג הרינג,גרמים,400.00,100 גרם,false,,27.90,0.0697,true,1,1440528
4810168058975,false,חתיכות פילה דג הרינג סקנדינבי מלוח מצונן 260 גר,סנטה ברמור,,פילה דג הרינג סקנדינ,גרמים,260.00,100 גרם,false,,18.90,0.0727,true,1,1441737
4820015165206,false,גלידת שמנת משובחת בטעם וניל בגביע וופל אישי פלומביר 70 גר',ז'יטומרסקי זאבוד,,גלידת שמנת בטעם וניל,גרמים,70.00,100 גרם,false,,5.90,0.0843,true,1,1420386
4823077612732,false,רושן סוכריות ממולאות בטעם פירות ביים בום 200 גרם,קייב קרמנציק,,רושן סוכריות בטעם פי,גרמים,200.00,100 גרם,false,,4.90,0.0245,true,1,1438620
4823077613630,false,חטיף שוקולד רושן ממולה קרם בורלה 43 גרם,רושן Roshen,,חטיף שוקולד רושן ממו,גרמים,43.00,100 גרם,false,,3.50,0.0814,true,1,1420038
4823077617041,false,חטיף שוקולד רושן ממולה קרם קרמל 43 גרם,רושן Roshen,,חטיף שוקולד רושן ממו,גרמים,43.00,100 גרם,false,,3.50,0.0814,true,1,1420049
4823077618901,false,בונבוניירה רושן דובדבן ליקר רום 150 גרם,רושן,,בונבוניירה רושן SHOO,גרמים,150.00,100 גרם,false,,13.90,0.0927,true,1,1420053
4823077625589,false,וופל וואפרס חלב רושן 216 גר,,,וופל רושן בטעם חלב 2,גרמים,216.00,100 גרם,false,,6.90,0.0319,true,1,1420091
4823077625626,false,וופל וואפרס אגוז רושן 216 גר,,,וופל רושן בטעם אגוז,גרמים,216.00,100 גרם,false,,6.90,0.0319,true,1,1420093
4823077626203,false,שוקולד רושן אורירי מריר 80 גרם,רושן Roshen,,שוקולד רושן אורירי מ,גרמים,80.00,100 גרם,false,,6.90,0.0863,true,1,1422479
4823077626227,false,שוקולד רושן אורירי חלב 80 גרם,רושן Roshen,,שוקולד רושן אורירי ח,גרמים,80.00,100 גרם,false,,6.90,0.0863,true,1,1438628
4823077626241,false,שוקולד רושן אורירי לבן קרמל 80 גרם,רושן,,שוקולד רושן אורירי ל,גרמים,80.00,100 גרם,false,,6.90,0.0863,true,1,1438629
4823077626364,false,שוקולד רושן אורירי לבן 80 גרם,רושן Roshen,,שוקולד אורירי לבן רו,גרמים,80.00,100 גרם,false,,6.90,0.0863,true,1,1439074
4823077629136,false,שוקולד רושן חלב lacmuי 90 גרם,,,שוקולדרושן חלב 90 גר,גרמים,90.00,100 גרם,false,,6.90,0.0767,true,1,1441463
4823077630439,false,"סנדוויץ' קרקר שוקולד רושן 235 גרם "" 2 CRACK """,רושן,,סנדוויץ' קרקר שוקולד,גרמים,235.00,100 גרם,false,,9.90,0.0421,true,1,1438634
4823077631467,false,קרקר עם מלח ים רושן 168 גר HI DAY,רושן,,קרקר עם מלח ים רושן,גרמים,168.00,100 גרם,false,,5.50,0.0327,true,1,1438641
4823077631474,false,קרקר קלאסי רושן 168 גר HI DAY,רושן,,קרקר קלאסי רושן 168,גרמים,168.00,100 גרם,false,,5.50,0.0327,true,1,1438642
4823077632112,false,וופל רושן בטעם קקאו חלב 216 גרם,,,וופל רושן בטעם קקאו,גרמים,216.00,100 גרם,false,,6.90,0.0319,true,1,1438646
4823077632259,false,חטיף שוקולד רושן עם בוטנים 43 גרם,רושן Roshen,,חטיף שוקולד רושן עם,גרמים,38.00,100 גרם,false,,3.50,0.0921,true,1,1438647
4823077632570,false,שוקולד רושן BRUT מריר 85 גרם,רושן,,שוקולד רושן מריר 85,גרמים,85.00,100 גרם,false,,6.90,0.0812,true,1,1438652
4823077632594,false,שוקולד רושן חלב עם אגוז שלם 90 גר LACMI,רושן,,שוקולד רושן חלב עם א,גרמים,90.00,100 גרם,false,,8.50,0.0944,true,1,1438654
4823077633034,false,"גליליות וופל רושן ""קונאפטו"" קקאו 140 ג",רושן,,גליליות רושן קונאפטו,גרמים,140.00,100 גרם,false,,6.90,0.0493,true,1,1438657
4823077633058,false,"גליליות וופל רושן ""קונאפטו"" אגוז 140 ג",רושן,,גליליות רושן קונאפטו,גרמים,140.00,100 גרם,false,,6.90,0.0493,true,1,1438658
4823077633331,false,עוגיות שוקוצ'יפס LOVITA בטעם תפוז 150 גרם,,,עוגיות רושן לוביטה ב,גרמים,150.00,100 גרם,false,,6.90,0.0460,true,1,1440588
4823077633348,false,עוגיות שוקוצ'יפס LOVITA עם חתיכות בוטנים 150 גרם,,,עוגיות רושן לביטה עם,גרמים,15.00,100 גרם,false,,6.90,0.4600,true,1,1438661
4823077633515,false,חטיף שוקולד רושן במילוי קרם חלבי מצופה 34 גרם,,,חטיף וופל במילוי קרם,גרמים,34.00,100 גרם,false,,3.50,0.1029,true,1,1441466
4823077633690,false,בונבוניירה רושן שוטרס ויסקי 150 גרם,רושן,,בונבוניירה רושן שוטר,גרמים,150.00,100 גרם,false,,13.90,0.0927,true,1,1438665
4823077634178,false,עוגיות רושן LOVITA במילוי תפוח קינמון 168 גרם,,,עוגיות לביטה עם מילו,גרמים,168.00,100 גרם,false,,6.90,0.0411,true,1,1438667
4823077634246,false,עוגיות Lovita ממולאות ג'לי פטל מצופות צימקאו,רושן Roshen,,עוגיות לביטה פטל 135,גרמים,135.00,100 גרם,false,,6.90,0.0511,true,1,1438670
4823077634277,false,עוגיות Lovita ממולאות ג'לי תות שדה מצופות צימקאו,רושן Roshen,,עוגיות תות שדה לוביט,גרמים,135.00,100 גרם,false,,6.90,0.0511,true,1,1440589
4823077634369,false,שוקולד רושן חלב אוורירי ופצפוצי אורז 85 גר LACMI CRISP,,,שוקולד רושן חלב אוור,גרמים,85.00,100 גרם,false,,6.90,0.0812,true,1,1441468
4823077634406,false,"עוגות אישיות ""TOO COOL"" שוקולד 270 גר",,,עוגות אישיות שוקולד,גרמים,270.00,100 גרם,false,,14.90,0.0552,true,1,1438671
4823077634413,false,עוגות אישיות TOO COOL תות שדה 270 גרם,,,עוגות אישיות תות שדה,גרמים,270.00,100 גרם,false,,14.90,0.0552,true,1,1438672
4823077634420,false,"עוגות אישיות ""TOO COOL"" חלב 270 גר 6 יחידות",,,עוגות אישיות חלב 270,גרמים,270.00,100 גרם,false,,14.90,0.0552,true,1,1438673
4823077634741,false,עוגיות רושן LOVITA במילוי תות שדה 168 גרם,,,עוגיות עם מילוי תות,גרמים,168.00,100 גרם,false,,6.90,0.0411,true,1,1440590
4823077636172,false,וופל רושן בטעם לימון 216 גרם,,,וופל רושן בטעם לימון,גרמים,216.00,100 גרם,false,,5.90,0.0273,true,1,1440838
4823097809754,false,גלידה עם צימוקים בטעם וניל וופל 90 גרם פלומביר,ז'יטומרסקי זאבוד,,גלידת שמנת וניל עם צ,גרמים,90.00,100 גרם,false,,5.90,0.0656,true,1,1441040
4860009000014,false,מיץ רימונים 100% סחוט ללא תוספת סוכר,Aromaproduct ltd,,מיץ רימונים גרוזיני,מיליליטרים,1000.00,"100 מ""ל",false,,18.90,0.0189,true,1,1407767
4860019001346,false,בורז'ומי מים מינרליים טבעיים 500מ'ל חדש,אי די אס בורגומי,,מים מינרליים בורז'ומ,מיליליטרים,500.00,"100 מ""ל",false,,7.90,0.0158,true,1,1416254
4860019001414,false,"בקבוק מים בוז'ורמי 750 מ""ל",האי נאם סי או אל.טי.,,מים מינרלים בורז'ומי,מיליליטרים,750.00,"100 מ""ל",false,,8.90,0.0119,true,1,1416255
4891199001147,true,CR3032,,,CR3032,יחידה,0.00,יחידה,false,,0.00,0.0000,true,1,1423211
4891199034442,true,סול אולטרה אלקלייןC,,,סול אולטרה אלקלייןC,יחידה,0.00,יחידה,false,,0.00,0.0000,true,1,1423212
4891199034688,true,סול אולטרה אלקלייןC,,,סול אולטרה אלקלייןC,יחידה,0.00,יחידה,false,,0.00,0.0000,true,1,1423213
4891199083044,true,בטריות סול אולטראAA,,,בטריות סול אולטראAA,יחידה,0.00,יחידה,false,,0.00,0.0000,true,1,1423214
4891228430085,false,סכיני גילוח שיק אקסטרים קומפורט לגבר 3 להבים 4 יחידות,אנרג'יזר Energizer,,סכיני גילוח 3 להבים,יחידה,4.00,יחידה,false,,14.90,3.7250,true,1,1426027
4891228430139,true,שיק אקזקטה 2 גברים5,,,שיק אקזקטה 2 גברים5,יחידה,0.00,יחידה,false,,0.00,0.0000,true,1,1423215
5000146057710,false,ספריי רב שימושי לחלונות ומשטחים ווינדולין Windolene,רקיט בנקיזר,,וינדולין ספריי לניקו,מיליליטרים,750.00,"100 מ""ל",false,,8.90,0.0119,true,1,1436275
5000157143365,false,מתבל בטעם מיונז וקטשופ היינץ 425 גרם,"פודליצקי ספ.ז.או.או,",,רוטב טעם מיונז וקטשו,מיליליטרים,425.00,"100 מ""ל",false,,15.90,0.0374,true,1,1430908
5000159486965,true,חטיף בודד טוויקסwhi,,,חטיף בודד טוויקסwhi,יחידה,0.00,יחידה,false,,5.00,0.0000,true,1,1423603
5000171030696,true,סרדינים בשמן זית 120,,,סרדינים בשמן זית120,יחידה,0.00,יחידה,false,,0.00,0.0000,true,1,1423511
5010026515919,false,מוזלי קריספי נאטי מורנפלייק 650 גרם,מורנפלייק Mornflake,,מוזלי קריספי נאטי 65,גרמים,650.00,100 גרם,false,,23.90,0.0368,true,1,1435437
5010026515933,false,מורנפלייק מוזלי פירות ואגוזים 750 גרם,מורנינג פוד,,מוזלי קריספי פירות ו,גרמים,750.00,100 גרם,false,,23.90,0.0319,true,1,1435438
5010182997680,false,"רייד ארוסול קוטל נמלים - 300 מ""ל",אס.סי.ג'ונסון מידרכט,,קוטל נמלים 2 ב-1 ריי,מיליליטרים,300.00,"100 מ""ל",false,,14.90,0.0497,true,1,1421131
5010478678811,false,לקקן לולי פיז,,,לקקן לולי פיז,יחידה,1.00,יחידה,false,,1.50,1.5000,true,1,1414433
5010677714006,false,"גין בומבאי ספייר 700 מ""ל",ג'ון דיואר ובניו,,"בומביי ספייר 700 מ""ל",מיליליטרים,700.00,"100 מ""ל",false,,119.90,0.1713,true,1,1422436
5010677850100,false,וודקה גריי גוס בקבוק,בקרדי מרטיני,,וודקה גריי גוס 700 מ,מיליליטרים,700.00,"100 מ""ל",false,,100.20,0.1431,true,1,1422437
5011026108033,false,"וויסקי אירי טולומור דיו 700 מ""ל",פארייפאבה אגרואינדוס,,ויסקי טולמור דיו 700,מיליליטרים,700.00,"100 מ""ל",false,,102.90,0.1470,true,1,1428908
5011417562970,true,"פיניש טבליות 40 יח """,,,"פיניש טבליות 40 יח """,יחידה,0.00,יחידה,false,,0.00,0.0000,true,1,1423217
5014271350424,false,מעדן ארבעה פירות ללא תוספת סוכר 284 גרם,סאן דלפור - שמבור,,מעדן 4 פירות 284 גרם,גרמים,284.00,100 גרם,false,,19.90,0.0701,true,1,1408965
5029053510811,false,תחבושות נורמל פלוס עם כנפיים קוטקס 28 יחידות,קימברלי קלארק,,תחבושות קוטקס נורמל+,יחידה,28.00,יחידה,false,,18.90,0.6750,true,1,1408658
5029053510828,false,תחבושות סופר פלוס עם כנפיים קוטקס 22יחידות,קימברלי קלארק,,תחבושות קוטקס סופר 2,יחידה,28.00,יחידה,false,,15.90,0.5679,true,1,1408659
5029053523446,false,קוטקס - תחבושות אולטרה נייט + כנפיים 20 יח',קימברלי קלארק,,תחבושות קוטקס נייט 2,יחידה,20.00,יחידה,false,,18.90,0.9450,true,1,1408660
5029053560762,false,קלינקס - טישו אישי מארז שמינייה,קימברלי קלארק,,קלינקס מארז 8 יח' טי,יחידה,8.00,יחידה,false,,7.90,0.9875,true,1,1411924
5035766060253,false,"בירה מרפיס, בירת סטאוט, פחית 500 מ""ל",מרפיס Murphys,,בירה מרפיס פחית סטאו,מיליליטרים,500.00,"100 מ""ל",false,,12.90,0.0258,true,1,1410624
5053827213998,false,דגני בוקר קלוגס ספיישל קיי 375 גר,,,קלוגס ספיישל קיי 375,גרמים,375.00,100 גרם,false,,21.90,0.0584,true,1,1442596
5060517886486,false,"משקה אנרגיה מונסטר אנרג'י בפחית 500 מ""ל",מונסטר אנרג'י Monster Energy,,משקה אנרגיה מונסטר א,מיליליטרים,500.00,"100 מ""ל",false,,7.50,0.0150,true,1,1425669
5060517886516,false,"משקה אנרגיה מונסטר אנרג'י זירו בפחית 500 מ""ל",מונסטר אנרג'י Monster Energy,,משקה אנרגיה זירו מונ,מיליליטרים,500.00,"100 מ""ל",false,,8.20,0.0164,true,1,1425670
5060751218173,false,"משקה אנרגיה מונסטר אנרג'י piplin punch בפחית 500 מ""ל",מונסטר אנרג'י לימטד,,משקה אנרגיה מונסטר 5,מיליליטרים,500.00,"100 מ""ל",false,,7.50,0.0150,true,1,1440662
5200100943749,false,עוגיות משיבולת שועל במילוי חמאת בוטנים,Violanta Cookies S.A,,עוגיות סנדוויץ במילו,גרמים,180.00,100 גרם,false,,11.90,0.0661,true,1,1439129
5200100943824,false,עוגיות סובין קרם טחינה 170 גר VIOLANTA,Violanta Cookies S.A,,עוגיות סובין במילוי,גרמים,170.00,100 גרם,false,,11.90,0.0700,true,1,1439133
5200133120506,false,גליליות וופלים אגוזים וקקאו גולדן ברייק 150 גרם.,קוארטט אס.אי,,גליליות קקאו אגוזים,גרמים,150.00,100 גרם,false,,6.90,0.0460,true,1,1408182
5201246002215,false,"בירה פילס היילס ויליפוד 500 מ""ל",הלניק בריויריס אוף א,,בירה פילס היילס 500,מיליליטרים,500.00,"100 מ""ל",false,,6.20,0.0124,true,1,1408359
5397139000045,true,עוגיות שוקוצ'יפס OH,,,"עוגיות שוקוצ""יפס OH",יחידה,0.00,יחידה,false,,5.00,0.0000,true,1,1423135
5400265021492,false,בונבוניירת המלט בורד,,,בונבוניירת המלט בורד,גרמים,125.00,100 גרם,false,,21.90,0.1752,true,1,1434454
5400265024349,false,המלט מאפה מבצק עלים מסוכר 250 גר,HAMLET NV,,מאפה מסוכר בשקית המל,גרמים,250.00,100 גרם,false,,11.90,0.0476,true,1,1441292
5400265033006,false,המלט- נשיקות מרנג צבעוני 100 גרם,HAMLET NV,,נשיקות מרנג צבעוני ה,גרמים,100.00,100 גרם,false,,10.90,0.1090,true,1,1441293
5400265038964,false,המלט פרלין שוקולד חל,,,המלט-פרלין שוקולד חל,גרמים,120.00,100 גרם,false,,11.90,0.0992,true,1,1434726
5410126006087,false,עוגיות לוטוס ארוזות בתפזורת 700 גרם,לוטוס ביקרי נ.וי.,,עוגיות לוטוס 700 גרם,גרמים,700.00,100 גרם,false,,23.90,0.0341,true,1,1408184
5410126106183,false,עוגיות לוטוס 50 יחידות ארוזות בנפרד 312 גרם,כלורוקס אוקלנד,,ביסקויט ביסקפה לוטוס,גרמים,312.00,100 גרם,false,,19.90,0.0638,true,1,1408187
5410126116953,false,ממרח ביסקוויט קרמל לוטוס 400 גרם,לוטוס בייקרי בלגיה נ,,לוטוס ממרח ביסקוויט,גרמים,400.00,100 גרם,false,,19.90,0.0497,true,1,1408188
5411188110835,false,אלפרו חלב סויה שקדים וניל 1ל',הנסיך- מפעל לייצור ט,,אלפרו משקה שקדים 1 ל,מיליליטרים,1000.00,"100 מ""ל",false,,12.90,0.0129,true,1,1414147
5411188115366,false,משקה קוקוס אלפרו 1 ליטר משקה שיבולת שועל 1 ליטר,הנסיך- מפעל לייצור ט,,אלפרו משקה שיבולת שו,מיליליטרים,1000.00,"100 מ""ל",false,,12.90,0.0129,true,1,1414153
5411188120742,false,משקה קוקוס אלפרו 1 ליטר שקדים וניל 1 ל',הנסיך- מפעל לייצור ט,,אלפרו משקה שקדים וני,מיליליטרים,1000.00,"100 מ""ל",false,,12.90,0.0129,true,1,1414157
5411188121923,false,"משקה סויה מועשר סידן אלפרו 3*250 מ""ל",הנסיך- מפעל לייצור ט,,אלפרו משקה סויה 3*25,מיליליטרים,750.00,"100 מ""ל",false,,14.90,0.0199,true,1,1414158
5411188134985,false,אלפרו 3.5% NOT M*LK שיבולת שועל 1 ליטר בית יוסף,הנסיך- מפעל לייצור ט,,אלפרו שיבולת שועל 3.,מיליליטרים,1000.00,"100 מ""ל",false,,13.90,0.0139,true,1,1437689
5411188543398,false,אלפרו משקה סויה ללא סוכר 1 ליטר,הנסיך- מפעל לייצור ט,,"אלפרו משקה סויה לל""ס",מיליליטרים,1000.00,"100 מ""ל",false,,11.90,0.0119,true,1,1433142
5413121358694,false,שוקולד בלגי מריר משובח 85%פרסטיז 100 גרם,BCG,,שוקולד בלגי מריר85%,גרמים,100.00,100 גרם,false,,11.90,0.1190,true,1,1441942
5413121359035,false,בלגיאן טראפלס בלגי קקאו אורגינל 200 גרם,,,טראפלס קקאו אורגינל,גרמים,200.00,100 גרם,false,,14.90,0.0745,true,1,1439180
5413121365616,false,שוקולד בלגי מריר 90% בלגיאן 100 גרם,BCG,,שוקולד מריר משובח 90,גרמים,100.00,100 גרם,false,,11.90,0.1190,true,1,1441944
5413202173109,false,בונ פרלינים בלגיים 1,DELAFAILLE,,בונ' פרלינים בלגיים,גרמים,100.00,100 גרם,false,,19.90,0.1990,true,1,1436532
5413202810042,false,בונ' פרלינים בלגיים,,,בונ' פרלינים בלגיים,גרמים,100.00,100 גרם,false,,19.90,0.1990,true,1,1436535
5413202810097,false,בונ' פרלינים בלגיים,,,בונ' פרלינים בלגיים,גרמים,200.00,100 גרם,false,,33.90,0.1695,true,1,1436539
5413202810172,false,בונ' פרלינים בלגיים,,,בונ' פרלינים בלגיים,גרמים,400.00,100 גרם,false,,69.90,0.1748,true,1,1442042
5413548280189,false,קינדר שוקו בון 1 יחידות 125 גרם,פררו - אלבה,,מיני ביצי שוקולד חלב,גרמים,125.00,100 גרם,false,,11.90,0.0952,true,1,1415407
5420066370025,false,טראפל בלגי קפה 150 גרם,,,טראפלס בלגי בטעם קפה,גרמים,150.00,100 גרם,false,,10.90,0.0727,true,1,1409285
5420066370032,false,טראפל בלגי מריר 150 גרם,CHOCOLATE Q,,טראפלס בלגי בטעם מרי,גרמים,150.00,100 גרם,false,,10.90,0.0727,true,1,1409286
5566774569129,false,מברשת סיליקון איכותית,,,מברשת סיליקון איכותי,יחידה,1.00,יחידה,false,,9.90,9.9000,true,1,1417215
5566774569136,false,לקקן סיליקון איכותי,,,לקקן סיליקון איכותי,יחידה,1.00,יחידה,false,,9.90,9.9000,true,1,1417216
5566774569198,false,קולפן פטנט 3 מצבים,,,קולפן פטנט 3 מצבים,יחידה,1.00,יחידה,false,,19.90,19.9000,true,1,1427765
5566774570439,false,פורס ביצה משובח,,,פורס ביצה משובח,יחידה,1.00,יחידה,false,,14.90,14.9000,true,1,1417236
5566774570569,false,"סיר יציקה משובח 26 ס""מ",,,סיר יציקה משובח 26 ס,יחידה,1.00,יחידה,false,,99.90,99.9000,true,1,1427771
5566774570781,false,רבעיית מברשות שיניים סיבי פחם רמי לוי,,,רבעיית מברשות שיניים,יחידה,1.00,יחידה,false,,10.90,10.9000,true,1,1434037
5566774570798,false,רבעיית מברשות שיניים סיבי זהב ופחם רמי לוי,,,רבעיית מברשות שיניים,יחידה,1.00,יחידה,false,,10.90,10.9000,true,1,1434038
5566774570811,false,רבעיית מברשות שיניים ניקוי מלא ועמוק לבן רמי לוי,,,רבעיית מברשות שיניים,יחידה,1.00,יחידה,false,,10.90,10.9000,true,1,1434040
5566774572488,false,זוג מברשות שיניים רמי לוי,,,זוג מברשות שיניים רמ,יחידה,1.00,יחידה,false,,9.90,9.9000,true,1,1434042
5601008200444,false,עוגיות גודיס טבעות מצופות שוקולד חלב מרבה 150 גרם,הנסיך- מפעל לייצור ט,,עוגיות גודיס טבעות מ,גרמים,150.00,100 גרם,false,,6.90,0.0460,true,1,1414168
5700001006845,true,מסכה לצביעה קטיפה10,,,מסכה לצביעה קטיפה10,יחידה,0.00,יחידה,false,,0.00,0.0000,true,1,1423552
5700006007892,true,רעשן עץ 1,,,רעשן עץ 1,יחידה,0.00,יחידה,false,,0.00,0.0000,true,1,1423553
5701932026964,false,"הוטפופ גרעיני תירס להכנת פופקורן במיקרוגל בטעם טבעי, בתוספת מלח, 600 גרם",ליימן מותגים,,פופקורן למיקרוגל בתו,גרמים,600.00,100 גרם,false,,14.80,0.0247,true,1,1412311
5701932026971,false,הוטפופ גרעיני תירס להכנת פופקורן במיקרוגל בטעם חמאה 600 גרם,ליימן מותגים,,פופקורן למיקרוגל בטע,גרמים,600.00,100 גרם,false,,14.80,0.0247,true,1,1412312
5701932026995,false,"הוטפופ גרעיני תירס להכנת פופקורן במיקרוגל בטעם טבעי מופחת שומן, 510 גרם",קריניציה ויטמינה אס,,פופקורן בטעם טבעי הו,גרמים,510.00,100 גרם,false,,15.90,0.0312,true,1,1425999
5711953106583,false,גבינת שמנת בטעם טבעי 200 גרם ארלה,ארלה פודס אמבה,,גבינת שמנת 24.5% בטע,גרמים,200.00,100 גרם,false,,13.80,0.0690,true,1,1422620
5711953106590,false,גבינת שמנת ארלה שמנת שום 200 גרם,ארלה פודס אמבה,,גבינת שמנת 24% שומן,גרמים,200.00,100 גרם,false,,13.80,0.0690,true,1,1422621
5711953106606,false,גבינת שמנת עם תבלינים ועשבי תיבול 23.5%,ארלה פודס אמבה,,גבינת שמנת 23.5% עם,גרמים,200.00,100 גרם,false,,15.90,0.0795,true,1,1422622
5740900403215,false,ממרח מחמאת לורפק עם מלח 250 ג',ארלה פודס אמבה,,ממרח לורפק עם מלח 25,גרמים,250.00,100 גרם,false,,16.90,0.0676,true,1,1405566
5740900403239,false,ממרח לורפק ללא תוספת מלח 250 גר,ארלה פודס אמבה,,ממרח לורפק בלי מלח 2,גרמים,250.00,100 גרם,false,,16.90,0.0676,true,1,1405568
5740900403246,false,ממרח לורפק ללא תוספת מלח 500 גר,ארלה פודס אמבה,,ממרח לורפק בלי מלח 5,גרמים,500.00,100 גרם,false,,27.90,0.0558,true,1,1405569
5740900403253,false,ממרח מחמאת לורפק עם מלח 500 ג',ארלה פודס אמבה,,ממרח לורפק עם מלח 50,גרמים,500.00,100 גרם,false,,27.90,0.0558,true,1,1405570
5900020012814,false,דגנים תפוחים בטעם שוקולד נסקוויק נסטלה 500 גרם,מיוצר עי קונדיטוריית,,דגני בוקר תפוחים בטע,גרמים,500.00,100 גרם,false,,19.90,0.0398,true,1,1406808
5900020015174,false,פיטנס חטיפי אנרגיה דגנים בטעם שוקולד נסטלה 6*23.5 גרם,מיוצר עי קונדיטוריית,,פיטנס חטיף דגנים שוק,גרמים,141.00,100 גרם,false,,14.90,0.1057,true,1,1406809
5900020026552,false,דגני בוקר האני נאט צ'יריוס בטעם דבש ושקדים,נסטלה צרפת איטנקורט,,צ'ריוס האני נאט פרוו,גרמים,625.00,100 גרם,false,,23.90,0.0382,true,1,1406828
5900020031860,true,"צ""יריוס חטיף דגנים2",,,"צ""יריוס חטיף דגנים2",יחידה,0.00,יחידה,false,,6.00,0.0000,true,1,1423604
5900020036407,false,ליון דגני בוקר שוקולד וקרמל נסטלה 480 גרם,נסטלה פולין דגני בוק,,דגני בוקר ליון בטעם,גרמים,480.00,100 גרם,false,,19.90,0.0415,true,1,1430865
5900353612965,false,בונ לב פח שרי 185 ג MIESZKO CHERRISSIM,MIESZKO,,בונבוניירת לב פח שרי,גרמים,185.00,100 גרם,false,,36.90,0.1995,true,1,1428062
5900353620007,false,בונבוניירה שרי טראפז,MIEZSKO,,בונ' שרי טראפז מיסזק,גרמים,182.00,100 גרם,false,,17.90,0.0984,true,1,1438385
5900627063233,false,טבליות למדיח הכל ב-1 פיניש מקס 50 יחידות,רקיט בנקיזר,,טבליות למדיח כלים פי,יחידה,50.00,יחידה,false,,39.90,0.7980,true,1,1415067
5902198160403,false,XL משקה אנרגיה מוגז ללא סוכר עד 10 קלוריות לפחית 250 מל,"טמפו משקאות בע""\מ",,"אקסל 250 TEN מ""ל",מיליליטרים,250.00,"100 מ""ל",false,,4.80,0.0192,true,1,1410626
5904941751913,false,משקה אנרגיה בלו פסיפלורה 250 מל,בלו,,משקה אנרגיה בלו פסיפ,מיליליטרים,250.00,"100 מ""ל",false,,4.20,0.0168,true,1,1409162
5906485301012,false,"משקה אנרגיה XL פחית 250 מ""ל","טמפו משקאות בע""מ",,משקה אנרגיה אקסל 250,מיליליטרים,250.00,"100 מ""ל",false,,4.80,0.0192,true,1,1410627
5906812278376,true,עוגיות שוקולדצ'יפס 1,,,"עוגיות שוקולדצ""יפס1",יחידה,0.00,יחידה,false,,5.00,0.0000,true,1,1422904
5907180884725,true,פילטרים MM 8,,,פילטרים MM 8,יחידה,0.00,יחידה,false,,0.00,0.0000,true,1,1423225
5941021005023,false,בונבוניירה היידי בוק,,,בוקה אגוז היידי 120,גרמים,100.00,100 גרם,false,,19.90,0.1990,true,1,1441952
5949031306079,true,"פיניש טבליות 40 יח """,,,"פיניש טבליות 40 יח """,יחידה,0.00,יחידה,false,,0.00,0.0000,true,1,1423226
5998710184965,false,בונבוניירה שרי קווין רושן לב 125 גר,,,בונבוניירה לב שרי קו,גרמים,125.00,100 גרם,false,,23.90,0.1912,true,1,1439755
5998749129746,false,ויסקאס אדולט בקר 1.4 קג,ויסקס,,ויסקאס אדולט בקר 1.4,גרמים,1400.00,100 גרם,false,,53.90,0.0385,true,1,1421877
6003770000496,true,nandosרוטב פלפל250,,,nandosרוטב פלפל250,יחידה,0.00,יחידה,false,,0.00,0.0000,true,1,1423228
6003770002674,true,nandosפרי פרי חריף,,,nandosפרי פרי חריף,יחידה,0.00,יחידה,false,,0.00,0.0000,true,1,1423229
6006507005016,true,HERBS CAPEטקסס סטיי,,,HERBS CAPEטקסס סטיי,יחידה,0.00,יחידה,false,,0.00,0.0000,true,1,1423230
6006507005795,true,HERBS CAPEטיקה טנדו,,,HERBS CAPEטיקה טנדו,יחידה,0.00,יחידה,false,,0.00,0.0000,true,1,1423231
6006570000079,true,"HERBS CAPEצ""ילי חרי",,,"HERBS CAPEצ""ילי חרי",יחידה,0.00,יחידה,false,,0.00,0.0000,true,1,1423232
6009802538012,false,ענב לבן 500 גרם,,,ענב לבן 500 גרם,גרמים,500.00,100 גרם,false,,24.90,0.0498,true,1,1434553
6111094000198,false,קוסקוס דארי בינוני 350 גרם,דארי קוספאט אס. איי. או,,קוסקוס דק דארי 350 ג,גרמים,350.00,100 גרם,false,,6.90,0.0197,true,1,1407769
6111094002123,false,דארי אטריות דקות תוספת 10% 550 גרם,דארי,,אטריות דקות דארי 550,גרמים,550.00,100 גרם,false,,9.90,0.0180,true,1,1442353
6253344003822,true,שקיות אשפה 75-90,,,שקיות אשפה 75-90,יחידה,0.00,יחידה,false,,0.00,0.0000,true,1,1423233
6253507370600,false,כוסות נייר שתיה חמה,כוסות שתייה חמה 3 ב,,כוסות נייר שתיה חמה,יחידה,50.00,יחידה,false,,11.90,0.2380,true,1,1435051
6560610748357,true,"סלו טייפ חום """"2",,,"סלו טייפ חום """"2",יחידה,0.00,יחידה,false,,0.00,0.0000,true,1,1423236
6807452794426,false,שיני שום קלופות 170,,,שיני שום קלופות 170,גרמים,170.00,100 גרם,false,,8.90,0.0524,true,1,1433493
6902176502491,false,סלק אדום מקולף מבושל,,,סלק מבושל בוואקום,גרמים,500.00,100 גרם,false,,5.90,0.0118,true,1,1442504
6902176502507,false,סלק אדום בוואקום 500,,,סלק מבושל בוואקום,גרמים,500.00,100 גרם,false,,5.90,0.0118,true,1,1442505
6910191800287,false,אצות נורי בלו 10 דף (ננגטונג),ננטונג היידה אקווטוק,,אצות נורי בלו 10 דף,יחידה,10.00,יחידה,false,,11.90,1.1900,true,1,1412115
6911266810309,true,סיכות שדכן 26/6,,,סיכות שדכן 26/6,יחידה,0.00,יחידה,false,,0.00,0.0000,true,1,1423239
6912977000140,false,אטריות שעועית 250 גר' ( Yantai)ללא גלוטן(כ),יאנטאי ינסידה לנוגקא,,אטריות שעועית 250 גר,גרמים,250.00,100 גרם,false,,8.90,0.0356,true,1,1412116
6925409912089,true,מסקיין טייפ2 אינטש2,,,מסקיין טייפ2 אינטש2,יחידה,0.00,יחידה,false,,0.00,0.0000,true,1,1423240
6926832407074,false,בראל חטיף אורז יפני 100גרם,קסימן די ברייט,,חטיף אורז יפני 100 ג,גרמים,100.00,100 גרם,false,,7.90,0.0790,true,1,1442574
6926921100251,false,וסטהיים יוניקורן ביצ,,,וסטהיים יוניקורן ביצ,יחידה,3.00,יחידה,false,,11.90,3.9667,true,1,1432597
6926921100268,false,וסטהיים מאשה והדוב ב,,,וסטהיים מאשה והדוב ב,יחידה,3.00,יחידה,false,,11.90,3.9667,true,1,1432598
6930548976243,false,מארז שום הלפרין,אראל תוצרת חקלאית בע,,שום ארוז יבוא,יחידה,1.00,יחידה,false,,7.90,7.9000,true,1,1429402
6934931264726,false,קופסת אחסון אניגליש קייק,,,קופסת אחסון אינגלייש,יחידה,1.00,יחידה,false,,9.90,9.9000,true,1,1441921
6935840911022,true,עט מחט 0.4,,,עט מחט 0.4,יחידה,0.00,יחידה,false,,0.00,0.0000,true,1,1423385
6935840911039,true,עט מחט 0.4,,,עט מחט 0.4,יחידה,0.00,יחידה,false,,0.00,0.0000,true,1,1423386
6935840911053,true,עט מחט 0.4,,,עט מחט 0.4,יחידה,0.00,יחידה,false,,0.00,0.0000,true,1,1423241
6935840911084,true,עט מחט 0.4,,,עט מחט 0.4,יחידה,0.00,יחידה,false,,0.00,0.0000,true,1,1423242
6936613888667,false,שום ארוז יבוא,אראל תוצרת חקלאית בע,,שום ארוז יבוא,יחידה,1.00,יחידה,false,,7.90,7.9000,true,1,1440634
6937266703045,true,סכיני גילוח הידרו 5,,,סכיני גילוח הידרו 5,יחידה,0.00,יחידה,false,,0.00,0.0000,true,1,1423243
6970011910237,false,מצית לגז אקדח גדול,,,מצת פרמיום,יחידה,1.00,יחידה,false,,9.90,9.9000,true,1,1437869
7000700070009,true,צנטר מספר 00,,,צנטר מספר 00,יחידה,0.00,יחידה,false,,8.00,0.0000,true,1,1426608
7000700070023,true,צנטר מספר 1,,,צנטר מספר 1,יחידה,0.00,יחידה,false,,8.00,0.0000,true,1,1426609
7000700070085,true,צנטר מספר 7,,,צנטר מספר 7,יחידה,0.00,יחידה,false,,8.00,0.0000,true,1,1426611
7000700070177,true,צנטר מספר 16,,,צנטר מספר 16,יחידה,0.00,יחידה,false,,8.00,0.0000,true,1,1426612
7000700070474,true,צנטר מספר 113,,,צנטר מספר 113,יחידה,0.00,יחידה,false,,11.90,0.0000,true,1,1426614
7000700070498,true,צנטר מספר 124,,,צנטר מספר 124,יחידה,0.00,יחידה,false,,11.90,0.0000,true,1,1426615
7000700070566,true,צנטר מספר 234,,,צנטר מספר 234,יחידה,0.00,יחידה,false,,11.90,0.0000,true,1,1426616
7000700070597,true,צנטר מספר 804,,,צנטר מספר 804,יחידה,0.00,יחידה,false,,11.90,0.0000,true,1,1426617
7000700070603,true,צנטר מספר 806,,,צנטר מספר 806,יחידה,0.00,יחידה,false,,11.90,0.0000,true,1,1426618
7000700070627,true,צנטר מספר 822,,,צנטר מספר 822,יחידה,0.00,יחידה,false,,11.90,0.0000,true,1,1426619
7000700070641,true,צנטר מספר 826,,,צנטר מספר 826,יחידה,0.00,יחידה,false,,11.90,0.0000,true,1,1426621
7000700070658,true,צנטר מספר 828,,,צנטר מספר 828,יחידה,0.00,יחידה,false,,11.90,0.0000,true,1,1426622
7000700070665,true,צנטר מספר 842,,,צנטר מספר 842,יחידה,0.00,יחידה,false,,11.90,0.0000,true,1,1426623
7000700070696,true,צנטר מספר 848,,,צנטר מספר 848,יחידה,0.00,יחידה,false,,11.90,0.0000,true,1,1426626
7000700070702,true,צנטר מספר 853,,,צנטר מספר 853,יחידה,0.00,יחידה,false,,11.90,0.0000,true,1,1426627
7000700070719,true,צנטר מספר 855,,,צנטר מספר 855,יחידה,0.00,יחידה,false,,11.90,0.0000,true,1,1426628
7000700070726,true,צנטר מספר 862,,,צנטר מספר 862,יחידה,0.00,יחידה,false,,11.90,0.0000,true,1,1426629
7000700070733,true,צנטר מספר 864,,,צנטר מספר 864,יחידה,0.00,יחידה,false,,11.90,0.0000,true,1,1426630
7000700070771,true,צנטר מספר 885,,,צנטר מספר 885,יחידה,0.00,יחידה,false,,11.90,0.0000,true,1,1426632
7290000000035,false,תוספת שתיה בקירור,,,תוספת שתיה בקירור,יחידה,0.00,יחידה,false,,1.00,0.0000,true,1,1437784
7290000000282,false,חסה ערבית יחידה,אראל תוצרת חקלאית בע,,חסה ערבית יחידה,קילוגרמים,1.00,"ק""ג",false,,5.70,5.7000,true,1,1440819
7290000000374,false,"פטריות שמפיניון בד""ץ (רביבים)",חוות השמפיניון,,פטריות שמפיניון א.א.,יחידה,1.00,יחידה,false,,9.90,9.9000,true,1,1414502
7290000000411,false,שום יבש יבוא רמי לוי,אראל תוצרת חקלאית בע,,שום ארוז יבוא,יחידה,1.00,יחידה,false,,7.90,7.9000,true,1,1410803
7290000000634,false,שקית גופיה סופרקופיק,,,שקית גופיה סופרקופיק,יחידה,1.00,יחידה,false,,0.10,0.1000,true,1,1429526
7290000000801,false,פטרוזיליה\שמיר\כוסברה,,,פקדון 1.2,יחידה,0.00,יחידה,false,,1.20,0.0000,true,1,1423080
7290000000839,false,"משקל 39 ש""ח לק""ג",,,"משקל 39 ש""ח לק""ג",קילוגרמים,1.00,"ק""ג",true,,39.00,39.0000,true,1,1420865
7290000000850,false,קרקובסקיה דימוב,מעדני בשר השוקת,,"משקל 50 ש""ח לק""ג",קילוגרמים,1.00,"ק""ג",true,,50.00,50.0000,true,1,1420867
7290000000869,false,"משקל 69 ש""ח לק""ג",,,"משקל 69 ש""ח לק""ג",קילוגרמים,1.00,"ק""ג",true,,69.00,69.0000,true,1,1420869
7290000000879,false,"משקל 79 ש""ח לק""ג",,,"משקל 79 ש""ח לק""ג",קילוגרמים,1.00,"ק""ג",true,,79.00,79.0000,true,1,1433809
7290000000960,false,"פקדון רביעיה 1.2 ש""ח",,,"פקדון רביעיה 1.2 ש""ח",יחידה,0.00,יחידה,false,,1.20,0.0000,true,1,1433162
7290000000961,false,"פקדון שישיה 1.8 ש""ח",,,"פקדון שישיה 1.8 ש""ח",יחידה,0.00,יחידה,false,,1.80,0.0000,true,1,1433163
7290000000985,false,פטרוזיליה ברכת קטיף ייבול נוכרי בוסתן,ברכת קטיף,,פטרוזיליה מהדרין קטי,יחידה,1.00,יחידה,false,,6.90,6.9000,true,1,1420900
7290000000985,false,פטרוזיליה ברכת קטיף ייבול נוכרי בוסתן,ברכת קטיף,,פטרוזיליה מהדרין קטי,יחידה,1.00,יחידה,false,,6.90,6.9000,true,1,1443336
7290000000998,false,פקדון,,,פקדון,יחידה,0.00,יחידה,false,,0.30,0.0000,true,1,1432878
7290000001104,false,פטריות חורש מיני ארוז 200 ג',"מרינה פטריות הגליל בע""מ",,פטריות פורטבלה ארוז,יחידה,1.00,יחידה,false,,10.90,10.9000,true,1,1427646
7290000001616,false,כוסברה ייבול נוכרי בוסתן,ברכת קטיף,,כוסברה מהדרין קטיף ט,יחידה,1.00,יחידה,false,,5.90,5.9000,true,1,1420908
7290000002004,false,דניש קומבי וויט פטה,Ceko,,סוכריות על מקל,יחידה,0.00,יחידה,false,,1.50,0.0000,true,1,1411987
7290000005001,false,החזר פקדון 30 אגורות,,,החזר פקדון 30 אגורות,יחידה,0.00,יחידה,false,,0.30,0.0000,true,1,1410577
7290000008115,false,משקל 115 שוק' ללא סו,,,משקל 115 שוק' ללא סו,קילוגרמים,1.00,"ק""ג",true,,115.00,115.0000,true,1,1420871
7290000009001,false,בננה,5 יחידות,,בננה,קילוגרמים,1.00,"ק""ג",true,,8.70,8.7000,true,1,1406289
7290000009002,false,לחם בטעמים אגדת לחם,5 יחידות,,עגבניה,קילוגרמים,1.00,"ק""ג",true,,7.70,7.7000,true,1,1406290
7290000009003,false,מלפפון ירוק,6 יחידות,,מלפפון ירוק,קילוגרמים,1.00,"ק""ג",true,,7.70,7.7000,true,1,1406291
7290000009004,false,לימון,,,לימון,קילוגרמים,1.00,"ק""ג",true,,7.70,7.7000,true,1,1406292
7290000009005,false,אבוקדו,,,אבוקדו,קילוגרמים,1.00,"ק""ג",true,,10.70,10.7000,true,1,1406293
7290000009007,false,תפוח עץ ירוק סמיט,4 יחידות,,תפוח עץ ירוק סמיט,קילוגרמים,1.00,"ק""ג",true,,8.90,8.9000,true,1,1406295
7290000009008,false,תפוח עץ אדום חרמון,4 יחידות,,תפוח עץ אדום חרמון,קילוגרמים,1.00,"ק""ג",true,,8.90,8.9000,true,1,1406296
7290000009010,false,פלפל אדום,5 יחידות,,פלפל אדום,קילוגרמים,1.00,"ק""ג",true,,10.70,10.7000,true,1,1406297
7290000009011,false,קלמנטינה,,,קלמנטינה,קילוגרמים,1.00,"ק""ג",true,,5.90,5.9000,true,1,1406298
7290000009012,false,אפרסמון,,,אפרסמון,קילוגרמים,1.00,"ק""ג",true,,12.90,12.9000,true,1,1406299
7290000009013,false,תפוזים,3 יחידות,,תפוזים,קילוגרמים,1.00,"ק""ג",true,,5.90,5.9000,true,1,1406300
7290000009014,false,תפוח פינק ליידי,,,תפוח פינק ליידי,קילוגרמים,1.00,"ק""ג",true,,15.90,15.9000,true,1,1406301
7290000009015,false,בצל יבש לבן,4 יחידות,,בצל יבש לבן,קילוגרמים,1.00,"ק""ג",true,,4.70,4.7000,true,1,1406302
7290000009016,false,בטטה,,,בטטה,קילוגרמים,1.00,"ק""ג",true,,7.70,7.7000,true,1,1406303
7290000009017,false,אגס ירוק,5 יחידות,,אגס ירוק,קילוגרמים,1.00,"ק""ג",true,,12.90,12.9000,true,1,1406304
7290000009018,false,תפוח עץ מוזהב,4 יחידות,,תפוח עץ מוזהב,קילוגרמים,1.00,"ק""ג",true,,9.90,9.9000,true,1,1406305
7290000009019,false,פלפל צהוב,5 יחידות,,פלפל צהוב,קילוגרמים,1.00,"ק""ג",true,,10.70,10.7000,true,1,1406306
7290000009020,false,שזיף אדום,,,שזיף אדום,קילוגרמים,1.00,"ק""ג",true,,16.70,16.7000,true,1,1406307
7290000009021,false,בצל אדום,4 יחידות,,בצל אדום,קילוגרמים,1.00,"ק""ג",true,,6.70,6.7000,true,1,1406308
7290000009022,false,רימון,,,רימון,קילוגרמים,1.00,"ק""ג",true,,8.70,8.7000,true,1,1406309
7290000009023,false,אננס,,,אננס,יחידה,1.00,יחידה,false,,29.90,29.9000,true,1,1406310
7290000009024,false,חציל,3 יחידות,,חציל,קילוגרמים,1.00,"ק""ג",true,,7.90,7.9000,true,1,1406311
7290000009025,false,פיתה ל.גלוטן 70יח,1 יחידה,,כרוב לבן שלם,קילוגרמים,1.00,"ק""ג",true,,5.70,5.7000,true,1,1406312
7290000009026,false,אשכולית אדומה,,,אשכולית אדומה,קילוגרמים,1.00,"ק""ג",true,,6.70,6.7000,true,1,1406313
7290000009027,false,קיווי,,,קיווי,קילוגרמים,1.00,"ק""ג",true,,12.90,12.9000,true,1,1406314
7290000009029,false,מלון,,,מלון,קילוגרמים,1.00,"ק""ג",true,,6.90,6.9000,true,1,1406316
7290000009033,false,כרוב אדום שלם,,,כרוב אדום שלם,קילוגרמים,1.00,"ק""ג",true,,5.70,5.7000,true,1,1406320
7290000009034,false,קולורבי,,,קולורבי,קילוגרמים,1.00,"ק""ג",true,,8.90,8.9000,true,1,1406321
7290000009036,false,דלורית,,,דלורית,קילוגרמים,1.00,"ק""ג",true,,6.90,6.9000,true,1,1406323
7290000009038,false,קרמבולה,,,קרמבולה,קילוגרמים,1.00,"ק""ג",true,,22.00,22.0000,true,1,1406325
7290000009039,false,פומלית,,,פומלית,קילוגרמים,1.00,"ק""ג",true,,6.70,6.7000,true,1,1406326
7290000009040,false,שומר,,,שומר,קילוגרמים,1.00,"ק""ג",true,,7.90,7.9000,true,1,1406327
7290000009046,false,קישוא,5 יחידות,,קישוא,קילוגרמים,1.00,"ק""ג",true,,8.90,8.9000,true,1,1406332
7290000009051,false,"תפו""א לבן תפזורת",3 יחידות,,"תפו""א לבן תפזורת",קילוגרמים,1.00,"ק""ג",true,,4.90,4.9000,true,1,1406335
7290000009052,false,"תפו""א אדום תפזורת",3 יחידות,,"תפו""א אדום תפזורת",קילוגרמים,1.00,"ק""ג",true,,4.90,4.9000,true,1,1406336
7290000009054,false,פלפל חריף,,,פלפל חריף,קילוגרמים,1.00,"ק""ג",true,,10.90,10.9000,true,1,1406338
7290000009056,false,גבינה מגורדת במש,תנובה חלב,,סלק אדום תפזורת,קילוגרמים,1.00,"ק""ג",true,,4.90,4.9000,true,1,1406340
7290000009059,false,חסה ערבית יחידה,,,חסה ערבית יחידה,קילוגרמים,1.00,"ק""ג",false,,5.70,5.7000,true,1,1406343
7290000009061,false,גזר ארוז,,,גזר ארוז,קילוגרמים,1.00,"ק""ג",true,,4.90,4.9000,true,1,1406344
7290000009063,false,כרובית,,,כרובית,יחידה,1.00,יחידה,false,,9.90,9.9000,true,1,1406345
7290000009066,false,צנון,,,צנון,קילוגרמים,1.00,"ק""ג",true,,5.90,5.9000,true,1,1406348
7290000009067,false,לפת,,,לפת,קילוגרמים,1.00,"ק""ג",true,,5.90,5.9000,true,1,1406349
7290000009074,false,ענב אדום,,,ענב אדום,קילוגרמים,1.00,"ק""ג",true,,24.90,24.9000,true,1,1427902
7290000009075,false,תירס מתוק,,,תירס מתוק,קילוגרמים,1.00,"ק""ג",true,,8.70,8.7000,true,1,1406356
7290000009077,false,סברס,,,סברס,קילוגרמים,1.00,"ק""ג",true,,14.90,14.9000,true,1,1406357
7290000009078,false,פפאיה,,,פפאיה,קילוגרמים,1.00,"ק""ג",true,,17.90,17.9000,true,1,1406358
7290000009096,false,ענבים שחורים,,,ענבים שחורים,קילוגרמים,1.00,"ק""ג",true,,19.90,19.9000,true,1,1406372
7290000009097,false,אגס נאשי,,,אגס נאשי,קילוגרמים,1.00,"ק""ג",true,,13.90,13.9000,true,1,1406373
7290000009110,false,אנונה,,,אנונה,קילוגרמים,1.00,"ק""ג",true,,12.90,12.9000,true,1,1406386
7290000009112,false,סוכריית פז,Unknown,,תפוז ברשת,קילוגרמים,1.00,"ק""ג",true,,3.50,3.5000,true,1,1406388
7290000009114,false,אשכולית צהובה,,,אשכולית צהובה,קילוגרמים,1.00,"ק""ג",true,,6.70,6.7000,true,1,1406390
7290000009115,false,"תפו""א לבן ארוז",,,"תפו""א לבן ארוז",קילוגרמים,1.00,"ק""ג",true,,5.90,5.9000,true,1,1406391
7290000009116,false,פלפל כתום,5 יחידות,,פלפל כתום,קילוגרמים,1.00,"ק""ג",true,,10.70,10.7000,true,1,1406392
7290000009124,false,שום ארוז יבוא,,,שום ארוז יבוא,יחידה,1.00,יחידה,false,,7.90,7.9000,true,1,1427903
7290000009133,false,מלון ספרדי,,,מלון ספרדי,קילוגרמים,1.00,"ק""ג",true,,7.90,7.9000,true,1,1432293
7290000009160,false,ענב לבן 500 גרם,,,ענב לבן 500 גרם,גרמים,500.00,100 גרם,false,,24.90,0.0498,true,1,1440080
7290000009164,false,גזר תפזורת,,,גזר תפזורת,קילוגרמים,1.00,"ק""ג",true,,6.90,6.9000,true,1,1443495
7290000013006,false,פסטרמה מקסיקנית זוגל,,,פסטרמה מקסיקנית,קילוגרמים,1.00,"ק""ג",true,,69.90,69.9000,true,1,1415269
7290000023083,false,ערק אשקלון בקבוק 700,"יקבי ברקן בע""\מ",,ערק אשקלון בקבוק 700,מיליליטרים,700.00,"100 מ""ל",false,,50.90,0.0727,true,1,1410630
7290000024912,true,וודקה קגלביץ לימון 7,,,וודקה קגלביץ לימון 7,יחידה,0.00,יחידה,false,,49.90,0.0000,true,1,1425913
7290000026050,false,פסטרמה רומנית,,,פסטרמה רומנית,קילוגרמים,1.00,"ק""ג",true,,69.90,69.9000,true,1,1419909
7290000026067,false,כתף עגל מעושן הוד מע,,,כתף עגל מעושן הוד מע,קילוגרמים,1.00,"ק""ג",true,,89.90,89.9000,true,1,1419910
7290000026197,false,איטלקי,,,איטלקי,קילוגרמים,1.00,"ק""ג",true,,34.90,34.9000,true,1,1425497
7290000026364,false,"דוקטורסקיה ק""ג",,,"דוקטורסקיה ק""ג",קילוגרמים,1.00,"ק""ג",true,,34.90,34.9000,true,1,1419913
7290000026432,false,"סלמי פרח ק""ג",,,"סלמי פרח ק""ג",קילוגרמים,1.00,"ק""ג",true,,84.90,84.9000,true,1,1419915
7290000026487,false,כתף עגל מתובל הוד מע,,,כתף עגל מתובל הוד מע,קילוגרמים,1.00,"ק""ג",true,,84.90,84.9000,true,1,1419917
7290000026531,false,קורנביף,,,קורנביף,קילוגרמים,1.00,"ק""ג",true,,84.90,84.9000,true,1,1419918
7290000026586,false,פס' של פעם הוד מעדן,,,פס' של פעם הוד מעדן,קילוגרמים,1.00,"ק""ג",true,,64.90,64.9000,true,1,1419919
7290000030056,false,מסטיק/סוכריה זום בוד,,,מסטיק/סוכריה זום בוד,יחידה,1.00,יחידה,false,,2.00,2.0000,true,1,1418532
7290000040042,false,יופלה יוגורט תות %3 גביע 150 גרם,קריות זול,,יופלה יוגורט תות %3,גרמים,150.00,100 גרם,false,,5.00,0.0333,true,1,1411370
7290000040080,false,יוגורט יופלה אפרסק 3% שומן 150 גרם,תנובה חלב,,יופלה יוגורט אפרסק %,מיליליטרים,150.00,"100 מ""ל",false,,5.00,0.0333,true,1,1411371
7290000040301,false,תנובה עין גדי קממבר מחלב בקר 24% שומן,תנובה מרכז שיתופי לש,,גבינת קממבר בקר 24%,גרמים,125.00,100 גרם,false,,17.80,0.1424,true,1,1411372
7290000040318,false,גבינת ברי 24% קולאז עדי תנובה 125 ג',תנובה מרכז שיתופי לש,,גבינת עדי ברי 24% תנ,גרמים,125.00,100 גרם,false,,18.90,0.1512,true,1,1411373
7290000040974,false,חלב דל לקטוז 2% תנובה קרטון 1 ליטר,תנובה מרכז שיתופי לש,,חלב בקרטון דל לקטוז,מיליליטרים,1000.00,"100 מ""ל",false,,6.90,0.0069,true,1,1411254
7290000040974,false,חלב דל לקטוז 2% תנובה קרטון 1 ליטר,תנובה מרכז שיתופי לש,,חלב בקרטון דל לקטוז,מיליליטרים,1000.00,"100 מ""ל",false,,6.90,0.0069,true,1,1411375
7290000041445,false,קוטג תנובה גביע 250 גרם 5% בדצ,מיוצר עי קונדיטוריית,,גבינת קוטג' 5% תנובה,גרמים,250.00,100 גרם,false,,5.70,0.0228,true,1,1411255
7290000041445,false,קוטג תנובה גביע 250 גרם 5% בדצ,מיוצר עי קונדיטוריית,,גבינת קוטג' 5% תנובה,גרמים,250.00,100 גרם,false,,5.70,0.0228,true,1,1411376
7290000041858,false,"שמנת חמוצה 15% יטבתה 200 מ""ל מהדרין",שטראוס גרופ,,שמנת חמוצה מועשרת 15,מיליליטרים,200.00,"100 מ""ל",false,,2.40,0.0120,true,1,1405572
7290000041872,false,"לבן 3% יטבתה 200מ""ל מהדרין",מחלבת יטבתה,,"לבן 3% שומן 200 מ""ל",מיליליטרים,200.00,"100 מ""ל",false,,2.00,0.0100,true,1,1405574
7290000042008,false,חלב תנובה טרי 3% שקית 1 ל',"תנובה, מחלבת רחובות",,חלב בשקית 3% תנובה 1,מיליליטרים,1000.00,"100 מ""ל",false,,5.43,0.0054,true,1,1411256
7290000042015,false,"חלב שתייה תנובה בד""צ בשקית 1 ליטר",תנובה מרכז שיתופי לש,,שקית חלב 3% העדה החר,מיליליטרים,1000.00,"100 מ""ל",false,,5.17,0.0052,true,1,1411378
7290000042404,false,חלב 3% בשקית יטבתה 1 ליטר מהדרין,שטראוס גרופ,,חלב שקית מהדרין 3% מ,מיליליטרים,1000.00,"100 מ""ל",false,,5.90,0.0059,true,1,1405575
7290000042435,false,חלב דל שומן בקרטון+פקק תנובה 1 ליטר,תנובה מרכז שיתופי לש,,חלב בקרטון תנובה 1%,מיליליטרים,1000.00,"100 מ""ל",false,,5.86,0.0059,true,1,1411382
7290000042855,false,"שוקו בשקית 250 מ""ל ""יטבתה""",שטראוס גרופ,,שוקו בשקית יטבתה 225,מיליליטרים,225.00,"100 מ""ל",false,,2.50,0.0111,true,1,1405577
7290000043012,false,"שוקו עמיד 2% בקרטון 250 מ""ל תנובה",תנובה מרכז שיתופי לש,,שוק.שוקו עמיד 2% בקר,מיליליטרים,250.00,"100 מ""ל",false,,4.60,0.0184,true,1,1411387
7290000043814,false,השף הלבן שמנת להקצפה 38% שומן 250 מל - מוצר בפיקוח,תנובה מרכז שיתופי לש,,השף הלבן שמנת עמידה,מיליליטרים,250.00,"100 מ""ל",false,,6.47,0.0259,true,1,1411390
7290000043890,false,תנובה רויון לבן מחלב מפסוטר 1.5%,תנובה מרכז שיתופי לש,,רויון 1.5% תנובה 1 ל,מיליליטרים,1000.00,"100 מ""ל",false,,11.30,0.0113,true,1,1411391
7290000044712,false,יוגורט עם תות 1.5% שומן 500 ג' פרילי,מיוצר עי קונדיטוריית,,"פרילי תות 500 מ""ל 1.",מיליליטרים,500.00,"100 מ""ל",false,,10.30,0.0206,true,1,1411262
7290000044880,false,באדי יוגורט תות 3% שומן 500 ג' תנובה,מיוצר עי קונדיטוריית,,"באדי תות 500 מ""ל 3%",מיליליטרים,500.00,"100 מ""ל",false,,8.90,0.0178,true,1,1411263
7290000045580,false,גבינה מותכת נעמה חורש תנובה 240 גרם,תנובה מרכז שיתופי לש,,גבינה מותכת 25% נעמה,גרמים,240.00,100 גרם,false,,17.40,0.0725,true,1,1411396
7290000046020,false,גלבוע גבינה שמנה במש,תנובה מרכז שיתופי לש,,גלבוע 22% במשקל,קילוגרמים,1.00,"ק""ג",true,,42.50,42.5000,true,1,1411265
7290000046327,false,גלבוע גבינה צהובה פרוסה 22% תנובה 200 גרם,תנובה מרכז שיתופי לש,,גבינה צהובה פרוסה 22,גרמים,200.00,100 גרם,false,,12.60,0.0630,true,1,1411266
7290000046327,false,גלבוע גבינה צהובה פרוסה 22% תנובה 200 גרם,תנובה מרכז שיתופי לש,,גבינה צהובה פרוסה 22,גרמים,200.00,100 גרם,false,,12.60,0.0630,true,1,1411399
7290000047027,false,גב.קולאז' גלעד 27% במשקל,תנובה מרכז שיתופי לש,,גבינת גלעד 27% משקל,קילוגרמים,1.00,"ק""ג",true,,119.90,119.9000,true,1,1411269
7290000047485,false,גבינה בולגרית במשקל,תנובה מרכז שיתופי לש,,גבינת בולגרית 24% תנ,קילוגרמים,1.00,"ק""ג",true,,57.00,57.0000,true,1,1411271
7290000047942,false,**תנובה גבינה לבנה מהדרין 9% 250ג,תנובה מרכז שיתופי לש,,גבינה לבנה 9% 250 גר,גרמים,250.00,100 גרם,false,,4.98,0.0199,true,1,1411273
7290000048185,false,גבינה לבנה 5% 250 גרם - מוצר בפיקוח,מיוצר עי קונדיטוריית,,גבינה לבנה 5% תנובה,גרמים,250.00,100 גרם,false,,4.98,0.0199,true,1,1411402
7290000048307,false,גבינת קוטג' עם זיתים 5% תנובה 250 גרם,מיוצר עי קונדיטוריית,,גבינת קוטג' עם זיתים,גרמים,250.00,100 גרם,false,,5.70,0.0228,true,1,1411275
7290000048437,false,פיראוס צפתית 5% שומן 200 גרם,פארייפאבה אגרואינדוס,,גבינה צפתית 5% פיראו,גרמים,200.00,100 גרם,false,,13.90,0.0695,true,1,1411405
7290000050447,false,"יוגורט ביו בטעם תות YYY יופלה 500 מ""ל",מיוצר עי קונדיטוריית,,יוגורט ביו 3% בטעם ת,מיליליטרים,500.00,"100 מ""ל",false,,12.70,0.0254,true,1,1411281
7290000050447,false,"יוגורט ביו בטעם תות YYY יופלה 500 מ""ל",מיוצר עי קונדיטוריית,,יוגורט ביו 3% בטעם ת,מיליליטרים,500.00,"100 מ""ל",false,,12.70,0.0254,true,1,1411406
7290000050454,false,יוגורט יופלה אפרסק 3% שומן 500 גרם,מיוצר עי קונדיטוריית,,יופלה YYY אפרסק 3%,יחידה,0.00,יחידה,false,,12.70,0.0000,true,1,1411282
7290000051307,false,"מארז הפסקת אוכל עם דגני עוגי ומשקה חלב עמיד בטעם וניל 150 מ""ל",תנובה מרכז שיתופי לש,,מארז הפסקת בטעם וניל,יחידה,1.00,יחידה,false,,9.90,9.9000,true,1,1411407
7290000051376,false,יוגורט יופלה דיאט אננס 0% שומן 150 גרם,תנובה מרכז שיתופי לש,,יופלה דיאט אננס גביע,מיליליטרים,150.00,"100 מ""ל",false,,5.00,0.0333,true,1,1411409
7290000051710,false,פיראוס גבינת לאבנה אסלית על בסיס יוגורט תנובה 263 גרם,"תנובה, מחלבת אלון תב",,פיראוס לאבנה5% עם שמ,גרמים,263.00,100 גרם,false,,13.90,0.0529,true,1,1411410
7290000052311,false,גבינה צהובה עמק לייט 15% שומן 200 גרם,תנובה מרכז שיתופי לש,,גבינה צהובה פרוסה 15,גרמים,200.00,100 גרם,false,,14.90,0.0745,true,1,1411289
7290000052311,false,גבינה צהובה עמק לייט 15% שומן 200 גרם,תנובה מרכז שיתופי לש,,גבינה צהובה פרוסה 15,גרמים,200.00,100 גרם,false,,14.90,0.0745,true,1,1411412
7290000052649,false,גבינת לאבנה 5% שומן 500 ג' פיראוס,תנובה מרכז שיתופי לש,,פיראוס לאבנה 5% גביע,מיליליטרים,500.00,"100 מ""ל",false,,18.90,0.0378,true,1,1411290
7290000052717,false,גבינת קוטג' שום שמיר 5% תנובה 250 גרם,מיוצר עי קונדיטוריית,,גבינת קוטג' 5% עם שו,גרמים,250.00,100 גרם,false,,5.70,0.0228,true,1,1411413
7290000053219,false,טל העמק חריץ 32% במשקל,תנובה מרכז שיתופי לש,,חריץ טל עמק 32%,קילוגרמים,1.00,"ק""ג",true,,55.70,55.7000,true,1,1411291
7290000055336,false,"משקה יוגורט 1.5% בטעם בננה אפרסק יופלה 250 מ""ל",תנובה מרכז שיתופי לש,,יופלה משקה יוגורט בנ,גרמים,250.00,100 גרם,false,,5.40,0.0216,true,1,1411294
7290000055343,false,משקה יוגורט יופלה פירות טרופיים 250 גרם,תנובה מרכז שיתופי לש,,יופלה משקה יוגורט טר,גרמים,250.00,100 גרם,false,,5.40,0.0216,true,1,1411295
7290000055350,false,גבינה צהובה חריץ עמק 28% במשקל,תנובה מרכז שיתופי לש,,גבינת עמק 28% במשקל,קילוגרמים,1.00,"ק""ג",true,,44.79,44.7900,true,1,1411296
7290000055893,false,חמאה משמנת מפוסטרת 200גרם 82% כ.מהדרין - מוצר בפיקוח,תנובה מרכז שיתופי לש,,חמאה מהדרין תנובה 20,גרמים,200.00,100 גרם,false,,7.80,0.0390,true,1,1411416
7290000056845,false,תנובה חלב טרי 3% שומן 1.5 ליטר - מוצר בפיקוח,פארייפאבה אגרואינדוס,,חלב טרי 3% בקרטון תנ,מיליליטרים,1500.00,"100 מ""ל",false,,9.34,0.0062,true,1,1411417
7290000056883,false,שמיניית יוגורט יופלה 3% טעמים שונים 150 גרם,תנובה מרכז שיתופי לש,,יוגורט בטעמים שונים,מיליליטרים,1200.00,"100 מ""ל",false,,27.90,0.0232,true,1,1411418
7290000056890,false,שמיניית דיאט יופלה 0% טעמים שונים 150 גרם,מיוצר עי קונדיטוריית,,יוגורט דיאט ביו 0% ב,גרמים,1200.00,100 גרם,false,,28.90,0.0241,true,1,1411419
7290000056906,false,מאגדת לבן טבעי 1.5% שומן 8 יח' * 150 ג' יופלה,מחלבת אלון תבור,,יוגורט לבן 1.5% יופל,מיליליטרים,1200.00,"100 מ""ל",false,,17.30,0.0144,true,1,1429141
7290000056951,false,"תנובה, השף הלבן, שמנת לבישול 15% שומן 500 מל",תנובה מרכז שיתופי לש,,שמנת לבישול 15% 500,מיליליטרים,500.00,"100 מ""ל",false,,15.90,0.0318,true,1,1411420
7290000057088,false,עמק גבינה צהובה פרוסה דק דק 28% תנובה 200 גרם,תנובה מרכז שיתופי לש,,עמק פרוס דק דק 28% 2,גרמים,200.00,100 גרם,false,,14.90,0.0745,true,1,1411422
7290000057118,false,גבינה צהובה עמק 28% שומן ואקום 400 גרם,תנובה מרכז שיתופי לש,,גבינת עמק קלאסית פרו,גרמים,400.00,100 גרם,false,,19.90,0.0497,true,1,1411423
7290000057132,false,יוגורט תנובה טבעי 1.5% גביע 200 גרם,מחלבת אלון תבור,,יוגורט ביו תנובה טבע,גרמים,200.00,100 גרם,false,,3.20,0.0160,true,1,1411424
7290000057149,false,יוגורט תנובה טבעי 3% גביע 200 גרם,מיוצר עי קונדיטוריית,,יוגורט טבעי ביו 3% ת,גרמים,200.00,100 גרם,false,,3.20,0.0160,true,1,1411425
7290000057552,false,יופלה דיאט עוגת גבינה ותות 0% גביע 150ג',תנובה חלב,,יופלה דיאט עוגת גבינ,מיליליטרים,150.00,"100 מ""ל",false,,5.00,0.0333,true,1,1411427
7290000058047,false,שמנת להקצפה 38% 500מל מהדרין עמיד השף הלבן,תנובה מרכז שיתופי לש,,שמנת להקצפה 38% שומן,מיליליטרים,500.00,"100 מ""ל",false,,12.94,0.0259,true,1,1411429
7290000060088,false,בייגלה אסם מקלות מלוחים 400 גרם,מיוצר עי קונדיטוריית,,בייגלה אסם מקלות מלו,גרמים,375.00,100 גרם,false,,8.90,0.0237,true,1,1406836
7290000060156,false,פסטה אסם אטריות ביצים דקות 200גר,"אסם תעשיות בע""מ",,אטריות ביצים דקיקות,גרמים,200.00,100 גרם,false,,6.90,0.0345,true,1,1406837
7290000060200,false,פסטה אסם פתיתים אפויים קוסקוס 500גר,"אסם השקעות בע""מ",,פתיתים אפויים קוסקוס,גרמים,500.00,100 גרם,false,,6.90,0.0138,true,1,1406839
7290000060217,false,פסטה מקרוני מספר 7 אסם 500 גרם,קריות זול,,פסטה מקרוני מספר 7 א,גרמים,500.00,100 גרם,false,,5.90,0.0118,true,1,1406840
7290000060408,false,פסטה אסם פתיתים אפויים טבעות 500 גר,"אסם השקעות בע""\מ",,פתיתים אפויים טבעות,גרמים,500.00,100 גרם,false,,6.90,0.0138,true,1,1406845
7290000060576,false,פתיתים אפויים כוכבים אסם 500 גרם,"אסם השקעות בע""\מ",,פתיתים אפויים כוכבים,גרמים,500.00,100 גרם,false,,6.90,0.0138,true,1,1406849
7290000060781,false,פסטה אסם פתיתים מסולסלים 500גר,פסטה זארה,,פסטה פוסילי אסם 500,גרמים,500.00,100 גרם,false,,5.90,0.0118,true,1,1406850
7290000060859,false,פסטה אסם פתיתים צדפים קטנים 500גר,פסטה זארה,,"פסטה צדפים קטנים בד""",גרמים,500.00,100 גרם,false,,5.90,0.0118,true,1,1406853
7290000060880,false,פסטה ספגטי מספר 8 אסם 500 גרם,פסטה זארה,,פסטה ספגטי מספר 8 אס,גרמים,500.00,100 גרם,false,,5.90,0.0118,true,1,1406854
7290000060903,false,פסטה אסם פתיתים אפויים אורז 500גר,"אסם השקעות בע""\מ",,פתיתים אפויים אורז א,גרמים,500.00,100 גרם,false,,6.90,0.0138,true,1,1406855
7290000060965,false,פסטה אסם אטריות רחבות 400גר,"אסם השקעות בע""\מ",,אטריות רחבות אסם 400,גרמים,403.00,100 גרם,false,,6.90,0.0171,true,1,1406858
7290000061061,false,קרקר חיטה עם בצל אסם,"אסם השקעות בע""\מ",,קרקר חיטה עם בצל אסם,גרמים,250.00,100 גרם,false,,10.90,0.0436,true,1,1406860
7290000061085,false,"רוטב צילי מתוק 290 מ""ל-בקבוק","אסם השקעות בע""\מ",,רוטב צ'ילי מתוק אסם,מיליליטרים,290.00,"100 מ""ל",false,,10.90,0.0376,true,1,1406861
7290000061245,false,עוגיות שוקוצ'יפס במילוי שוקולד אסם 220 גרם,מיוצר עי קונדיטוריית,,עוגיות שוקוצ'יפס עם,גרמים,220.00,100 גרם,false,,10.90,0.0495,true,1,1406864
7290000061450,false,פתיתים אפויים קוסקוס 3 צבעים אסם 500 גרם,"אסם השקעות בע""\מ",,פתיתים אפויים קוסקוס,גרמים,500.00,100 גרם,false,,6.90,0.0138,true,1,1406865
7290000061764,false,קפה נמס מגורען רד מאג 200 גרם,נסטלה ספרד קפה,,קפה נמס מגורען רד מא,גרמים,200.00,100 גרם,false,,21.90,0.1095,true,1,1406866
7290000062952,false,אוסם - מיני קרוטונים למרק ולסלט 250 גרם,עינת תעשיות מזון אגו,,מיני קרוטונים מתובלי,גרמים,250.00,100 גרם,false,,13.90,0.0556,true,1,1406870
7290000063102,false,אסם קמח עוגה תופח מאליו 350 גרם,"אסם השקעות בע""\מ",,אסם קמח עוגה תופח מא,גרמים,350.00,100 גרם,false,,4.90,0.0140,true,1,1406873
7290000063140,false,שקדי מרק רכיבים טבעיים בשקית 400 ג' אסם,"אסם תעשיות בע""מ",,אסם שקדי מרק רכיבים,גרמים,400.00,100 גרם,false,,9.90,0.0248,true,1,1406875
7290000063157,false,"קמח עוגה תופח מאליו אסם 1 ק""ג","אסם השקעות בע""\מ",,קמח תופח מאליו אסם 1,גרמים,1000.00,100 גרם,false,,7.90,0.0079,true,1,1406876
7290000064758,false,קוסקוס בינוני אמיתי אסם 350 ג',"מיוצר ע""י קוד יצרן K",,אסם קוסקוס אמיתי 350,גרמים,350.00,100 גרם,false,,7.50,0.0214,true,1,1406879
7290000064871,false,"אוסם - מנה חמה פירה תפו""א עם בצל 56 גרם","אסם תעשיות בע""מ",,"מנה חמה פירה תפו""א ו",גרמים,56.00,100 גרם,false,,5.90,0.1054,true,1,1406880
7290000065090,false,מיני קרוטונים מתובלים למרק ולסלט אסם 400 גרם,עינת תעשיות מזון אגו,,אסם מיני קרוטונים למ,גרמים,400.00,100 גרם,false,,20.90,0.0522,true,1,1406881
7290000065540,false,אוסם - מנה חמה פסטה מוקרמת בטעם עוף 55 גרם,"אסם השקעות בע""מ",,מנה חמה פסטה מוקרמת,גרמים,55.00,100 גרם,false,,5.90,0.1073,true,1,1406883
7290000066196,false,ביסלי חטיף בטעם גריל אסם 200 גרם,מיוצר עי קונדיטוריית,,ביסלי גריל 200 גרם,גרמים,200.00,100 גרם,false,,6.50,0.0325,true,1,1406896
7290000066264,false,דובונים חטיף תפוחי אדמה אסם 40 גרם,"אסם השקעות בע""\מ",,דובונים 40 גרם,גרמים,40.00,100 גרם,false,,4.50,0.1125,true,1,1406900
7290000066295,false,במבה מתוקה מחומרים טבעיים 30 גרם,מיוצר עי קונדיטוריית,,במבה מתוקה בטעם תות,גרמים,30.00,100 גרם,false,,2.50,0.0833,true,1,1406901
7290000066332,false,אפרופו חטיף תירס אסם 50 גרם,מיוצר עי קונדיטוריית,,אפרופו 50 גרם,גרמים,50.00,100 גרם,false,,3.90,0.0780,true,1,1406903
7290000066431,false,פופקו חטיף פופקורן בטעם חמאה ודבש אסם 80 גרם,מיוצר עי קונדיטוריית,,פופקו חמאה ודבש 80 ג,גרמים,80.00,100 גרם,false,,4.50,0.0563,true,1,1406905
7290000066516,true,שקדי מרק 400גר שלושה,,,שקדי מרק 400גר שלושה,יחידה,0.00,יחידה,false,,12.90,0.0000,true,1,1406906
7290000067544,false,אסם פירורית פירורי לחם זהב 200 גרם,עינת תעשיות מזון אגו,,אסם פירורית פירורי ל,גרמים,200.00,100 גרם,false,,6.40,0.0320,true,1,1406912
7290000067599,false,אוסם - מנה חמה ספגטי רוטב בולנז 65 גרם,"אסם השקעות בע""\מ",,מנה חמה ספגטי בולונז,גרמים,65.00,100 גרם,false,,5.90,0.0908,true,1,1406915
7290000068138,false,אינסטנט פודינג בטעם וניל אסם 80 גרם,מיוצר עי קונדיטוריית,,פודינג אינסטנט בטעם,גרמים,80.00,100 גרם,false,,4.90,0.0613,true,1,1406919
7290000068190,false,אסם ג'לי תות שדה צבעים טבעיים 90 גרם,מיוצר עי קונדיטוריית,,ג'לי בטעם תות פרווה,גרמים,90.00,100 גרם,false,,5.90,0.0656,true,1,1406922
7290000068251,false,אבקה להכנת ג'לי בטעם אננס אסם 85 גרם,מיוצר עי קונדיטוריית,,ג'לי בטעם אננס פרווה,גרמים,85.00,100 גרם,false,,5.90,0.0694,true,1,1406925
7290000068701,true,אסם שקדי מרק מיכל,,,אסם שקדי מרק מיכל,יחידה,0.00,יחידה,false,,14.90,0.0000,true,1,1430900
7290000069364,false,פריכונים מאורז מלא ללא תוספת סוכר אסם 140 גרם,"פרח תעשיות מזון בע""מ.",,אסם פריכונים עגול או,גרמים,140.00,100 גרם,false,,6.90,0.0493,true,1,1406933
7290000069715,false,אוסם - חטיפי קרקר מלוח 300 גרם,"אסם תעשיות בע""מ",,חטיפי קרקר מלוח אסם,גרמים,300.00,100 גרם,false,,10.90,0.0363,true,1,1406936
7290000070308,false,אבקת מרק עוף אמיתי בשרי אסם 400 גרם,"אסם השקעות בע""\מ",,אסם מרק עוף אמיתי 40,גרמים,400.00,100 גרם,false,,14.90,0.0373,true,1,1406939
7290000070513,true,"קראנץ ""דגנים מאח2 .8",,,"קראנץ ""דגנים מאח2 .8",יחידה,0.00,יחידה,false,,0.00,0.0000,true,1,1423451
7290000072623,false,קטשופ אסם בקבוק לחיץ 750 גרם,"אסם תעשיות בע""מ",,קטשופ אסם בקבוק לחיץ,גרמים,750.00,100 גרם,false,,10.90,0.0145,true,1,1406951
7290000072753,false,קפה נמס מגורען טסטרס צ'ויס 200 גרם-,לוטה נסטלה קוריאה,,קפה נמס מיובש בהקפאה,גרמים,200.00,100 גרם,false,,29.90,0.1495,true,1,1406953
7290000072760,false,נסקפה טייסטרס צויס 100 גר אוריגנל,נסטלה קוריאה - קפה,,קפה נמס טסטר'ס צ'ויס,גרמים,100.00,100 גרם,false,,24.90,0.2490,true,1,1428163
7290000072777,false,קפה נמס מגורען נטול קפאין טסטרס צ'ויס 200 גרם,נסטלה קוריאה - קפה,,טייסטר צ'וייס נטול ק,גרמים,200.00,100 גרם,false,,35.90,0.1795,true,1,1406954
7290000072968,false,דגני בוקר סיני מיניס חיטה מלאה וקינמון נסטלה 500 גרם,נסטלה פולין דגני בוק,,סיני מיניס 500 גרם,גרמים,500.00,100 גרם,false,,19.90,0.0398,true,1,1406957
7290000073415,false,אוסם - מנה חמה פסטה ברוטב פיצה 61 גרם,"אסם השקעות בע""\מ",,מנה חמה פסטה ברוטב פ,גרמים,61.00,100 גרם,false,,5.90,0.0967,true,1,1406959
7290000073699,false,סלט חומוס סלטי צבר 1,סלטי צבר,,סלט חומוס סלטי צבר 1,גרמים,150.00,100 גרם,false,,5.50,0.0367,true,1,1406960
7290000073767,false,מנה חמה נודלס אטר.+ירקות טעם בקר 70 גרם,PUB FOODS PRESIDENT THAI,,מנה חמה נודלס אטר.+י,גרמים,70.00,100 גרם,false,,5.90,0.0843,true,1,1406962
7290000073774,false,מנה חמה נודלס אטר+ירקות טעם צילי 70 גרם,טאי רזידנט,,מנה חמה ירקות בטעם פ,גרמים,70.00,100 גרם,false,,5.90,0.0843,true,1,1406963
7290000074153,false,ביסקוויט פתי בר שוקולד אסם 500 גרם,מיוצר עי קונדיטוריית,,פתי בר שוקו אסם 500,גרמים,500.00,100 גרם,false,,12.90,0.0258,true,1,1406966
7290000074184,false,ביסקוויט פתי בר אסם 500 גרם,"אסם השקעות בע""\מ",,פתי בר קלאסי אסם 500,גרמים,500.00,100 גרם,false,,8.90,0.0178,true,1,1406967
7290000074375,false,אוסם - קרקר זהב 150 גרם,"אסם השקעות בע""\מ",,אסם קרקר זהב 150 גרם,גרמים,150.00,100 גרם,false,,7.90,0.0527,true,1,1406972
7290000074382,true,סיני מיניס מאח.קדמ.6,,,סיני מיניס מאח.קדמ.6,יחידה,0.00,יחידה,false,,0.00,0.0000,true,1,1423452
7290000074481,false,לחמית אגוזים אסם 160 גרם,"אסם השקעות בע""\מ",,לחמית קרקר מקמח חיטה,גרמים,160.00,100 גרם,false,,8.90,0.0556,true,1,1406973
7290000075693,false,עוגת הבית שמרים בריוש שוקולד אסם 360 גרם,מיוצר עי קונדיטוריית,,הבית עוגת שמרים בריו,גרמים,360.00,100 גרם,false,,15.90,0.0442,true,1,1406982
7290000076133,false,בייגלה שמיניות קטנות עם מלח אסם 400 גרם,"אסם השקעות בע""\מ",,בייגלה אסם שמיניה קט,גרמים,400.00,100 גרם,false,,8.90,0.0223,true,1,1406984
7290000076645,false,טוסטעים פת קלויה חיטה מלאה אסם 100 גרם,ון דר מולן האלום,,אסם טוסטעים חיטה מלא,גרמים,100.00,100 גרם,false,,10.90,0.1090,true,1,1406985
7290000077017,false,עוגיות קרמוגית במילוי קרם שוקולד אסם 200 גרם,מיוצר עי קונדיטוריית,,אסם קרמוגית במילוי ש,גרמים,200.00,100 גרם,false,,9.90,0.0495,true,1,1406986
7290000077253,false,אוסם - לחמית כפרית עם דגנים מלאים 190 גרם,"אסם השקעות בע""\מ",,לחמית כפרית 190 גרם,גרמים,190.00,100 גרם,false,,8.90,0.0468,true,1,1406987
7290000078212,true,אסם קרוטונים מתובלים,,,אסם קרוטונים מתובלים,גרמים,0.00,100 גרם,false,,13.90,0.0000,true,1,1406989
7290000079233,false,קרם קרקר דיאטטי דל נתרן 250 גרם,"אסם תעשיות בע""מ",,אסם קרם קרקר דל נתרן,גרמים,250.00,100 גרם,false,,9.90,0.0396,true,1,1406991
7290000080000,true,אסם אורז ספרדי 140 ג,,,אסם אורז ספרדי 140 ג,גרמים,0.00,100 גרם,false,,10.90,0.0000,true,1,1422692
7290000081663,false,"בייגלה טבעות שומשום אסם 300 גרם בד""ץ",מיוצר עי קונדיטוריית,,אסם בייגלה טבעות שומ,גרמים,300.00,100 גרם,false,,8.90,0.0297,true,1,1406996
7290000085180,false,גטניו פתי בר וניל 470 גרם,"אחים גטניו בע""מ",,גטניו פתי בר 470 גרם,גרמים,470.00,100 גרם,false,,10.90,0.0232,true,1,1413152
7290000089199,false,מקסיקני חריפה בלוק,,,מקסיקני חריפה בלוק,קילוגרמים,1.00,"ק""ג",true,,49.90,49.9000,true,1,1419703
7290000089274,false,נקניק מעושן מעדנייה,,,גבינה מעושנת נקניק,קילוגרמים,1.00,"ק""ג",true,,49.90,49.9000,true,1,1419704
7290000090016,false,בננה,5 יחידות,,בננה,קילוגרמים,1.00,"ק""ג",true,,8.70,8.7000,true,1,1436302
7290000090023,false,עגבניה,5 יחידות,,עגבניה,קילוגרמים,1.00,"ק""ג",true,,7.70,7.7000,true,1,1436296
7290000090030,false,מלפפון ירוק,6 יחידות,,מלפפון ירוק,קילוגרמים,1.00,"ק""ג",true,,7.70,7.7000,true,1,1436314
7290000090047,false,לימון,,,לימון,קילוגרמים,1.00,"ק""ג",true,,7.70,7.7000,true,1,1436303
7290000090054,false,ממרח חמאה דנית,,,אבוקדו,קילוגרמים,1.00,"ק""ג",true,,10.70,10.7000,true,1,1436315
7290000090078,false,תפוח עץ ירוק סמיט,4 יחידות,,תפוח עץ ירוק סמיט,קילוגרמים,1.00,"ק""ג",true,,8.90,8.9000,true,1,1436316
7290000090085,false,תפוח עץ אדום חרמון,4 יחידות,,תפוח עץ אדום חרמון,קילוגרמים,1.00,"ק""ג",true,,8.90,8.9000,true,1,1436317
7290000090108,false,פלפל אדום,5 יחידות,,פלפל אדום,קילוגרמים,1.00,"ק""ג",true,,10.70,10.7000,true,1,1436304
7290000090115,false,קלמנטינה,,,קלמנטינה,קילוגרמים,1.00,"ק""ג",true,,5.90,5.9000,true,1,1436318
7290000090122,false,אפרסמון,,,אפרסמון,קילוגרמים,1.00,"ק""ג",true,,12.90,12.9000,true,1,1438179
7290000090139,false,תפוזים,3 יחידות,,תפוזים,קילוגרמים,1.00,"ק""ג",true,,5.90,5.9000,true,1,1436319
7290000090146,false,תפוח פינק ליידי,,,תפוח פינק ליידי,קילוגרמים,1.00,"ק""ג",true,,15.90,15.9000,true,1,1436320
7290000090153,false,בצל יבש לבן,4 יחידות,,בצל יבש לבן,קילוגרמים,1.00,"ק""ג",true,,4.70,4.7000,true,1,1436305
7290000090160,false,בטטה,,,בטטה,קילוגרמים,1.00,"ק""ג",true,,7.70,7.7000,true,1,1436321
7290000090177,false,אגס ירוק,5 יחידות,,אגס ירוק,קילוגרמים,1.00,"ק""ג",true,,12.90,12.9000,true,1,1436322
7290000090184,false,תפוח עץ מוזהב,4 יחידות,,תפוח עץ מוזהב,קילוגרמים,1.00,"ק""ג",true,,9.90,9.9000,true,1,1436323
7290000090191,false,פלפל צהוב,5 יחידות,,פלפל צהוב,קילוגרמים,1.00,"ק""ג",true,,10.70,10.7000,true,1,1436324
7290000090207,false,שזיף אדום,,,שזיף אדום,קילוגרמים,1.00,"ק""ג",true,,16.70,16.7000,true,1,1436325
7290000090214,false,בצל אדום,4 יחידות,,בצל אדום,קילוגרמים,1.00,"ק""ג",true,,6.70,6.7000,true,1,1436326
7290000090221,false,רימון,,,רימון,קילוגרמים,1.00,"ק""ג",true,,8.70,8.7000,true,1,1436327
7290000090238,false,אננס,,,אננס,יחידה,1.00,יחידה,false,,29.90,29.9000,true,1,1436328
7290000090245,false,חציל,3 יחידות,,חציל,קילוגרמים,1.00,"ק""ג",true,,7.90,7.9000,true,1,1436306
7290000090252,false,כרוב לבן שלם,1 יחידה,,כרוב לבן שלם,קילוגרמים,1.00,"ק""ג",true,,5.70,5.7000,true,1,1436307
7290000090269,false,אשכולית אדומה,,,אשכולית אדומה,קילוגרמים,1.00,"ק""ג",true,,6.70,6.7000,true,1,1436329
7290000090276,false,קיווי,,,קיווי,קילוגרמים,1.00,"ק""ג",true,,12.90,12.9000,true,1,1436330
7290000090290,false,מלון,,,מלון,קילוגרמים,1.00,"ק""ג",true,,6.90,6.9000,true,1,1436308
7290000090337,false,כרוב אדום שלם,,,כרוב אדום שלם,קילוגרמים,1.00,"ק""ג",true,,5.70,5.7000,true,1,1436333
7290000090344,false,קולורבי,,,קולורבי,קילוגרמים,1.00,"ק""ג",true,,8.90,8.9000,true,1,1436334
7290000090368,false,דלורית,,,דלורית,קילוגרמים,1.00,"ק""ג",true,,6.90,6.9000,true,1,1436336
7290000090382,false,קרמבולה,,,קרמבולה,קילוגרמים,1.00,"ק""ג",true,,22.00,22.0000,true,1,1442638
7290000090399,false,פומלית,,,פומלית,קילוגרמים,1.00,"ק""ג",true,,6.70,6.7000,true,1,1436338
7290000090405,false,שומר,,,שומר,קילוגרמים,1.00,"ק""ג",true,,7.90,7.9000,true,1,1436339
7290000090467,false,קישוא,5 יחידות,,קישוא,קילוגרמים,1.00,"ק""ג",true,,8.90,8.9000,true,1,1436309
7290000090511,false,"תפו""א לבן תפזורת",3 יחידות,,"תפו""א לבן תפזורת",קילוגרמים,1.00,"ק""ג",true,,4.90,4.9000,true,1,1436343
7290000090528,false,"תפו""א אדום תפזורת",3 יחידות,,"תפו""א אדום תפזורת",קילוגרמים,1.00,"ק""ג",true,,4.90,4.9000,true,1,1436344
7290000090542,false,פלפל חריף,,,פלפל חריף,קילוגרמים,1.00,"ק""ג",true,,10.90,10.9000,true,1,1436346
7290000090566,false,סלק אדום תפזורת,5 יחידות,,סלק אדום תפזורת,קילוגרמים,1.00,"ק""ג",true,,4.90,4.9000,true,1,1436310
7290000090597,false,בוטן קאטאצ'נג במשקל,,,חסה ערבית יחידה,קילוגרמים,1.00,"ק""ג",false,,5.70,5.7000,true,1,1436349
7290000090610,false,גזר ארוז,,,גזר ארוז,קילוגרמים,1.00,"ק""ג",true,,4.90,4.9000,true,1,1436311
7290000090634,false,כרובית,,,כרובית,יח',1.00,יח',false,,9.90,9.9000,true,1,1436350
7290000090665,false,צנון,,,צנון,קילוגרמים,1.00,"ק""ג",true,,5.90,5.9000,true,1,1436352
7290000090672,false,לפת,,,לפת,קילוגרמים,1.00,"ק""ג",true,,5.90,5.9000,true,1,1436353
7290000090740,false,ענב אדום,,,ענב אדום,קילוגרמים,1.00,"ק""ג",true,,24.90,24.9000,true,1,1436359
7290000090757,false,תירס מתוק,,,תירס מתוק,קילוגרמים,1.00,"ק""ג",true,,8.70,8.7000,true,1,1436312
7290000090771,false,סברס,,,סברס,קילוגרמים,1.00,"ק""ג",true,,14.90,14.9000,true,1,1436361
7290000090788,false,פפאיה,,,פפאיה,קילוגרמים,1.00,"ק""ג",true,,17.90,17.9000,true,1,1436362
7290000090962,false,לימון פרסי טחון במשק,,,ענבים שחורים,קילוגרמים,1.00,"ק""ג",true,,19.90,19.9000,true,1,1437380
7290000090979,false,אגס נאשי,,,אגס נאשי,קילוגרמים,1.00,"ק""ג",true,,13.90,13.9000,true,1,1436368
7290000091105,false,אנונה,,,אנונה,קילוגרמים,1.00,"ק""ג",true,,12.90,12.9000,true,1,1436375
7290000091129,false,תפוז ברשת,,,תפוז ברשת,קילוגרמים,1.00,"ק""ג",true,,3.50,3.5000,true,1,1436376
7290000091143,false,אשכולית צהובה,,,אשכולית צהובה,קילוגרמים,1.00,"ק""ג",true,,6.70,6.7000,true,1,1436377
7290000091150,false,"תפו""א לבן ארוז",,,"תפו""א לבן ארוז",קילוגרמים,1.00,"ק""ג",true,,5.90,5.9000,true,1,1436378
7290000091167,false,פלפל כתום,5 יחידות,,פלפל כתום,קילוגרמים,1.00,"ק""ג",true,,10.70,10.7000,true,1,1436379
7290000091242,false,שום ארוז יבוא,,,שום ארוז יבוא,יחידה,1.00,יחידה,false,,7.90,7.9000,true,1,1436381
7290000091334,false,מלון ספרדי,,,מלון ספרדי,קילוגרמים,1.00,"ק""ג",true,,7.90,7.9000,true,1,1436313
7290000104713,false,פול ירוק סנפרוסט 800 גרם,"איי, בי, אינבוו",,תרד סנפרוסט 800 גרם,גרמים,800.00,100 גרם,false,,20.90,0.0261,true,1,1411740
7290000104720,false,שעועית ירוקה חתוכה סנפרוסט 800 גרם,"סנפרוסט בע""\מ",,שעועית ירוקה חתוכה ס,גרמים,800.00,100 גרם,false,,16.90,0.0211,true,1,1411741
7290000110844,false,"כיפלי בטעם גריל 70 גרם-בד""ץ",יוניליור ישראל מזון,,חטיף כיפלי בטעם גריל,גרמים,70.00,100 גרם,false,,5.60,0.0800,true,1,1409589
7290000111063,false,מיונז תלמה אמיתי250 גרם,יוניליוור ישראל מזון בע\,,מיונז אמיתי תלמה 250,גרמים,250.00,100 גרם,false,,5.90,0.0236,true,1,1409591
7290000111117,false,בדין מרכך כביסה לבן 4 ליטר,יוניליור ישראל טיפוח איש,,בדין מרכך כביסה לבן,ליטרים,4.00,ליטר,false,,19.90,4.9750,true,1,1409592
7290000111186,false,"מיונז אמיתי תלמה 500 גרם בד""צ","יוניליוור ישראל מזון בע""",,מיונז אמיתי תלמה 500,גרמים,500.00,100 גרם,false,,8.90,0.0178,true,1,1409593
7290000111360,false,"חרדל אמיתי תלמה 250 גרם בד""צ",יוניליוור ישראל מזו,,חרדל תלמה 250 גרם,גרמים,250.00,100 גרם,false,,5.90,0.0236,true,1,1409595
7290000111384,false,חרדל אמיתי בצנצנת 550 ג' תלמה,יוניליוור ישראל מזו,,חרדל תלמה 550 גרם,גרמים,250.00,100 גרם,false,,9.90,0.0396,true,1,1409596
7290000112220,false,טחינה גולמית שומשום טהור בארכה 500 גרם,"רושדי תעשיות מזון בע""\מ",,טחינה גולמית 100% בא,גרמים,500.00,100 גרם,false,,13.90,0.0278,true,1,1406997
7290000112503,false,מרק עשיר ירקות קנור 69 גרם - שקיות,יוניליוור ישראל מזון בע\,,מרק קנור עשיר ירקות,גרמים,61.00,100 גרם,false,,9.30,0.1525,true,1,1409598
7290000117720,false,נמס בכוס פטריות קנור 21.5 גרם מארז זוגי,יוניליוור ישראל מזון בע\,,נמס בכוס מרק פטריות,גרמים,41.00,100 גרם,false,,6.50,0.1585,true,1,1409614
7290000120836,false,"מיונז אמיתי 394 גרם ""הלמנס""",קונפקו אינק' די.בי.א,,מיונז הלמנס אמיתי צנ,גרמים,394.00,100 גרם,false,,10.90,0.0277,true,1,1409621
7290000120874,false,מיונז הלמנס לייט מופחת קלוריות 424ג,"יונילוור ארה""ב - HPC",,מיונז הלמנס מופחת קל,גרמים,424.00,100 גרם,false,,10.90,0.0257,true,1,1409622
7290000121017,false,גבינה מותכת 7% שומרון 120 גרם,שלושת האופים,,גבינה מותכת למריחה ש,גרמים,120.00,100 גרם,false,,11.40,0.0950,true,1,1408969
7290000121093,false,גבינה מותכת לייט בטעם שוויצרי 7% מון בלאן 120 גר',האי נאם סי או אל.טי.,,מון בלאן שויצרית 120,גרמים,120.00,100 גרם,false,,11.40,0.0950,true,1,1408973
7290000122649,true,"פתית בצלחדש 250 ג """,,,"פתית בצלחדש 250 ג """,יחידה,0.00,יחידה,false,,0.00,0.0000,true,1,1423387
7290000127194,true,778 קונפיטורת משמש 3,,,778 קונפיטורת משמש 3,גרמים,0.00,100 גרם,false,,14.90,0.0000,true,1,1409637
7290000133133,true,נייר טואלט ליטוף180,,,נייר טואלט ליטוף180,יחידה,0.00,יחידה,false,,0.00,0.0000,true,1,1423611
7290000135045,false,"XL TEN משקה אנרגיה פתוח ללא סוכר 250 מ""ל","טמפו משקאות בע""\מ",,פחית XL TEN תפוח 250,מיליליטרים,250.00,"100 מ""ל",false,,4.80,0.0192,true,1,1410647
7290000135052,false,"XL TEN משקה אנרגיה מנגו ללא סוכר 250 מ""ל","טמפו משקאות בע""\מ",,משקה אנרגיה מוגז בטע,מיליליטרים,250.00,"100 מ""ל",false,,4.80,0.0192,true,1,1410648
7290000135168,false,"פפסי מקס ליים מארז שישייה פחית צרה 330 מ""ל","טמפו משקאות בע""מ",,שישיית פחיות פפסי מק,מיליליטרים,1980.00,"100 מ""ל",false,,20.90,0.0106,true,1,1434069
7290000136141,false,משקה בטעם קולה 1.5ל' פפסי,"טמפו משקאות בע""\מ",,פפסי משקה קולה מוגז,מיליליטרים,1500.00,"100 מ""ל",false,,7.80,0.0052,true,1,1438824
7290000136158,false,פפסי מקס 1.5 ליטר פיקדון,"טמפו משקאות בע""\מ",,פפסי מקס 1.5 ליטר,מיליליטרים,1500.00,"100 מ""ל",false,,7.80,0.0052,true,1,1438825
7290000136172,false,סבן אפ 1.5 ליטר בודד,"טמפו משקאות בע""\מ",,סבן אפ 1.5 ליטר,מיליליטרים,1500.00,"100 מ""ל",false,,7.80,0.0052,true,1,1438827
7290000136240,false,סודה 1.5 ליטר שישייה בודד,"טמפו משקאות בע""\מ",,מי סודה טמפו 1.5 ליט,מיליליטרים,1500.00,"100 מ""ל",false,,3.80,0.0025,true,1,1438829
7290000136455,false,משקה בטעם אשכוליות תריסר 1.5 ל' ג'אמפ,"טמפו משקאות בע""\ם.",,ג'אמפ אשכוליות 1.5 ל,מיליליטרים,1500.00,"100 מ""ל",false,,7.50,0.0050,true,1,1438832
7290000136516,false,משקה בטעם מנגו פסיפלורה תריסר 1.5 ל' ג'אמפ,טמפו משקאות בעמ,,ג'אמפ מנגו פסיפלורה,מיליליטרים,1500.00,"100 מ""ל",false,,7.50,0.0050,true,1,1438834
7290000136523,false,משקה בטעם ענבים תריסר 1.5 ל' ג'אמפ,"טמפו משקאות בע""\ם.",,ג'אמפ ענבים 1.5 ליטר,מיליליטרים,1500.00,"100 מ""ל",false,,7.50,0.0050,true,1,1438835
7290000136646,false,בירה נשר מאלט ללא אלכוהול 1.5 ליטר,"טמפו משקאות בע""\מ",,בירה שחורה נשר מאלט,מיליליטרים,1500.00,"100 מ""ל",false,,9.20,0.0061,true,1,1439090
7290000136653,false,דיאט נשר מאלט ללא אלכוהול 1.5 ליטר,"טמפו משקאות בע""\מ",,בירה נשר מאלט דיאט 1,מיליליטרים,1500.00,"100 מ""ל",false,,9.20,0.0061,true,1,1438839
7290000136660,false,סודה טמפו ליטר וחצי,טמפו,,מי סודה טמפו 1.5 ליט,מיליליטרים,1500.00,"100 מ""ל",false,,3.80,0.0025,true,1,1439387
7290000136677,false,פפסי קולה פיקדון 1.5 ליטר,טמפו,,פפסי משקה קולה מוגז,מיליליטרים,1500.00,"100 מ""ל",false,,7.80,0.0052,true,1,1439388
7290000136684,false,פפסי מקס משקה מוגז דל קלוריות בטעם קולה,טמפו,,פפסי מקס 1.5 ליטר,מיליליטרים,1500.00,"100 מ""ל",false,,7.80,0.0052,true,1,1439389
7290000136776,false,שישיית פפסי מקס דל קלוריות 1.5 ליטר,פפסי Pepsi,,שישיית פפסי מקס 1.5,מיליליטרים,9000.00,"100 מ""ל",false,,40.50,0.0045,true,1,1438843
7290000136790,false,שישיית מי סודה טמפו 1.5 ליטר,"טמפו משקאות בע""\מ",,מי סודה במארז טמפו 6,מיליליטרים,9000.00,"100 מ""ל",false,,17.70,0.0020,true,1,1438845
7290000136844,false,מארז מים מזוככים אקווה נובה שישיית 2 ליטר,"טמפו משקאות בע""\מ",,שישיית אקווה נובה 2,מיליליטרים,1200.00,"100 מ""ל",false,,13.70,0.0114,true,1,1438846
7290000136851,false,סבן אפ פיקדון 1.5 ליטר,טמפו,,סבן אפ 1.5 ליטר,מיליליטרים,1500.00,"100 מ""ל",false,,7.80,0.0052,true,1,1439391
7290000136868,false,סאן בנדטו - מים מינרלים - מארז שישיית 1.5 ליטר,אקווה מינרלה סאן בנדטו ב,,מים מינרלים סאן בנדט,ליטרים,9.00,ליטר,false,,20.40,2.2667,true,1,1439295
7290000136875,false,שישיית מים מינרליים מוגזים סן בנדטו 1.5 ליטר,סאן בנדטו San Benedetto,,מים סן בנדטו מוגז 1.,מיליליטרים,9000.00,"100 מ""ל",false,,21.40,0.0024,true,1,1438847
7290000137137,false,גבינת טוסטי בתפזורת,,,גבינת טוסטי בתפזורת,קילוגרמים,1.00,"ק""ג",true,,40.00,40.0000,true,1,1411310
7290000137513,false,גלידונית גלידה וניל בציפוי שוקולד 60 יח' קרמיסימו,"גלידת שטראוס בע""\מ, רחוב",,קרמיסימו גלידונית ונ,יחידה,60.00,יחידה,false,,39.80,0.6633,true,1,1416776
7290000139111,false,שלווה חיטה תפוחה מתוקה אשבול 90 גרם,אשבול,,אשבול שלווה תפוחה מת,גרמים,90.00,100 גרם,false,,3.50,0.0389,true,1,1421438
7290000139180,false,שלווה חיטה מלאה תפוחה אשבול 140 גרם,אשבל מזון פונקציונלי,,שלווה נטו חיטה תפוחה,גרמים,140.00,100 גרם,false,,8.90,0.0636,true,1,1418895
7290000139227,false,דגן לבן משפחתי 150 גר' אשבול,אשבל מזון פונקציונלי,,דגן תירס תפוח מתוק 1,גרמים,150.00,100 גרם,false,,8.90,0.0593,true,1,1418896
7290000139258,false,שלווה דבש וסוכר חום אשבול 200 גרם,אשבל מזון פונקציונלי,,שלווה טבעי חיטה תפוח,גרמים,200.00,100 גרם,false,,8.90,0.0445,true,1,1418898
7290000143262,false,"הוואי - שמפו ילדים 700 מ""ל",שוורצקוף& הנקל דיסלד,,הוואי שמפו ילדים 700,מיליליטרים,700.00,"100 מ""ל",false,,10.90,0.0156,true,1,1422076
7290000144474,false,שמן עץ הזית קנולה 1 ליטר בריאות מהטבע,שמן תעשיות בעמ,,שמן קנולה בריאות עץ,מיליליטרים,1000.00,"100 מ""ל",false,,14.80,0.0148,true,1,1413155
7290000146652,false,הוואי - סבון מוצק ורוד רומנטי 100 גרם רביעייה,טרופיקל דגיל קוסמטיק,,סבון מוצק הוואי ורוד,גרמים,400.00,100 גרם,false,,10.90,0.0273,true,1,1414562
7290000146928,false,"משחת שיניים לילדים בטעם ענבים טום וג'רי 50 מ""ל",טרופיקל דגיל קוסמטיק,,טום וג'רי משחת שיניי,גרמים,60.00,100 גרם,false,,7.90,0.1317,true,1,1414934
7290000151021,true,פסטרמה כפרית - 100 ג,,,פסטרמה כפרית - 100 ג,גרמים,0.00,100 גרם,false,,5.90,0.0000,true,1,1407001
7290000159034,true,ע.ט.שנצל.עוף ביתי צפ,,,ע.ט.שנצל.עוף ביתי צפ,גרמים,0.00,100 גרם,false,,44.90,0.0000,true,1,1427894
7290000162829,true,מיקספלקס+ אגוזים 400,,,מיקספלקס +אגוזים400,יחידה,0.00,יחידה,false,,0.00,0.0000,true,1,1423508
7290000169798,false,"עוגי מופחת סוכר 20% פצפוצי שוקו' 500ג' בד""צ",יוניליוור ישראל מזון בע\,,עוגי תלמה 500 גרם,גרמים,500.00,100 גרם,false,,18.90,0.0378,true,1,1409672
7290000174723,false,שוקולית אבקה להכנת משקה שוקו 500 גרם,הנסיך- מפעל לייצור ט,,שוקולית קופסא עלית 5,גרמים,500.00,100 גרם,false,,11.90,0.0238,true,1,1416451
7290000175906,false,גאודה עיזים ויליפוד,,,גאודה עיזים הולנדי,קילוגרמים,1.00,"ק""ג",true,,119.00,119.0000,true,1,1408346
7290000176079,false,קפה עלית טורקי עם הל 100 גרם,הנסיך- מפעל לייצור ט,,קפה טורקי עם הל 100,גרמים,100.00,100 גרם,false,,8.90,0.0890,true,1,1416453
7290000176420,false,קפה נמס פחית עלית 200 גרם,שטראוס קפה בי.וי,,קפה נמס עלית 200 גרם,גרמים,200.00,100 גרם,false,,18.90,0.0945,true,1,1416455
7290000176468,false,קפה נמס נטול קפאין 50 ג' קפה האג,"איי, בי, אינבוו",,קפה נמס נטול האג עלי,גרמים,50.00,100 גרם,false,,10.90,0.2180,true,1,1416456
7290000178707,false,תפוצ'יפס בטעם טבעי 50 גרם,"שטראוס פריטו ליי בע""\מ )",,תפוציפס טבעי 50 גרם,גרמים,50.00,100 גרם,false,,3.50,0.0700,true,1,1406130
7290000178721,false,תפוצ'יפס בטעם טבעי 200 גרם,"שטראוס פריטו ליי בע""\מ )",,תפוציפס 200 גרם,גרמים,200.00,100 גרם,false,,9.90,0.0495,true,1,1406131
7290000187860,false,מגבוני טואלט לחים לילי דיספנסר 40 יח,עלבד משואות יצחק בעמ,,מגבוני נייר טואלט לח,יחידה,56.00,יחידה,false,,7.90,0.1411,true,1,1408665
7290000189045,false,הולנדית,,,הולנדית,קילוגרמים,1.00,"ק""ג",true,,49.90,49.9000,true,1,1419706
7290000189505,false,ניקול תבנית אפייה מקרטון אינגליש קייק ניקול 5 יחידות,"דוקארט בעמ, קיבוץ כפ",,ניקול תבנית אפייה מק,יחידה,5.00,יחידה,false,,10.90,2.1800,true,1,1408681
7290000193076,false,"שלישיית מטליות לריצפה ""ניקול""",עופרטקס,,מטליות רצפה בד אריג,יחידה,3.00,יחידה,false,,9.90,3.3000,true,1,1408701
7290000194185,false,עוף מספר 2 קפוא חלק,,,עוף מס 2 קפוא מחפוד,קילוגרמים,1.00,"ק""ג",true,,24.90,24.9000,true,1,1438565
7290000196039,false,"מפות שולחן איריס ח""פ ניקול 2 יח'",חוגלה קימברלי,,מפת שולחן 110*180 ני,יחידה,2.00,יחידה,false,,11.90,5.9500,true,1,1408645
7290000196039,false,"מפות שולחן איריס ח""פ ניקול 2 יח'",חוגלה קימברלי,,מפת שולחן 110*180 ני,יחידה,2.00,יחידה,false,,11.90,5.9500,true,1,1408709
7290000197326,false,רדיד אלומניום ניקול זוגי 30X7.5מ',חוגלה קימברלי,,רדיד אלומיניום 7.5*3,יחידה,2.00,יחידה,false,,9.90,4.9500,true,1,1408713
7290000197425,false,חיתולים פרידום דריי שלב 3 האגיס 52 יחידות,קימברלי קלארק ישראל,,האגיס פרידום דריי של,יחידה,54.00,יחידה,false,,41.90,0.7759,true,1,1408715
7290000197432,false,שקיות אוכל סנדביצ'ון ניקול מארז 150X2יח',"אשפלסט תעשיות בע""מ",,שקיות אוכל סנדוויצ'ו,יחידה,300.00,יחידה,false,,13.90,0.0463,true,1,1408646
7290000197432,false,שקיות אוכל סנדביצ'ון ניקול מארז 150X2יח',"אשפלסט תעשיות בע""מ",,שקיות אוכל סנדוויצ'ו,יחידה,300.00,יחידה,false,,13.90,0.0463,true,1,1408716
7290000197456,false,חיתולים פרידום דריי שלב 4 האגיס 44 יחידות,קימברלי קלארק ישראל,,האגיס פרידום דריי של,יחידה,44.00,יחידה,false,,41.90,0.9523,true,1,1408718
7290000197753,false,ניילון נצמד אנטי בטקריאלי ניקול 30X2מ',חוגלה קימברלי,,ניילון נצמד צר ניקול,יחידה,2.00,יחידה,false,,10.90,5.4500,true,1,1408723
7290000199313,false,תחבושות עם כנפיים נורמל פלוס קוטקס 30 יחידות,חוגלה קימברלי,,תחבושות קוטקס יאנג 2,יחידה,28.00,יחידה,false,,18.90,0.6750,true,1,1408730
7290000204086,true,שקוטש קרצוף ניקול 3,,,שקוטש קרצוף ניקול 3,יחידה,0.00,יחידה,false,,9.90,0.0000,true,1,1408741
7290000204611,false,שישיית ספוגית הקסם ניקול 6 יחידות,חוגלה קימברלי,,ספוגית הקסם ניקול 6,יחידה,6.00,יחידה,false,,9.90,1.6500,true,1,1408745
7290000207162,false,רוטב עגבניות מרכיב טבעי 100 ג' יכין,"זנלכל בע""\מ",,רוטב עגבניות יכין 22,גרמים,100.00,100 גרם,false,,2.50,0.0250,true,1,1414587
7290000208114,false,"אפונה וגזר יכין A2 פ""ק בית יוסף","זנלכל בע""\מ",,אפונה וגזר יכין 550,גרמים,335.00,100 גרם,false,,8.50,0.0254,true,1,1409532
7290000208213,false,שעועית לבנה אפויה A2 ברוטב עגבניות יכין 560ג',היינץ צפון אמריקה מק,,שעועית לבנה רוטב עגב,גרמים,355.00,100 גרם,false,,8.90,0.0251,true,1,1414557
7290000208312,false,גרעיני תירס מתוק בואקום יכין 400 גר',"זנלכל בע""\מ",,גרעיני תירס מתוק יכי,גרמים,245.00,100 גרם,false,,6.90,0.0282,true,1,1427732
7290000208336,false,רסק יכין 240גר 22% יכין בית יוסף,"זנלכל בע""\מ",,יכין רוטב עגבניות 26,גרמים,260.00,100 גרם,false,,4.50,0.0173,true,1,1427733
7290000208428,false,חומוס יכין שלם 550 גר A/2,היינץ צפון אמריקה מק,,חומוס שלם יכין 550 ג,גרמים,550.00,100 גרם,false,,8.90,0.0162,true,1,1414558
7290000208947,false,עגבניות מרוסקות 260 גרם יכין,היינץ צפון אמריקה מק,,עגבניות מרוסקות יכין,גרמים,260.00,100 גרם,false,,6.50,0.0250,true,1,1409542
7290000209012,false,חומץ 1ליטר יכין הדרים,"זנלכל בע""\מ",,חומץ 5% יכין 1 ליטר,מיליליטרים,1000.00,"100 מ""ל",false,,5.90,0.0059,true,1,1409543
7290000209043,false,מיץ לימון לתיבול יכין 1 ליטר,היינץ צפון אמריקה מק,,מיץ לימון משומר יכין,מיליליטרים,1000.00,"100 מ""ל",false,,6.90,0.0069,true,1,1409544
7290000209722,false,רסק עגבניות 28% פריכוז 580 גרם יכין,"זנלכל בע""\מ",,רוטב עגבניות פריכוז,גרמים,580.00,100 גרם,false,,10.90,0.0188,true,1,1409555
7290000209944,false,רוטב לעגבניות בסיס לשקשוקה 240 ג' יכין,"זנלכל בע""\מ",,רוטב עגבניות לשקשוקה,גרמים,260.00,100 גרם,false,,6.50,0.0250,true,1,1427737
7290000211169,false,"אורז תאילנדי אחד אחד סוגת 1 ק""ג",האי נאם סי או אל.טי.,,אורז תאילנדי סוגת 1,גרמים,1000.00,100 גרם,false,,6.90,0.0069,true,1,1413156
7290000211442,false,"סוגת אורז פרסי קלאסי שקית 1 ק""ג",האי נאם סי או אל.טי.,,אורז פרסי קלאסי סוגת,גרמים,1000.00,100 גרם,false,,10.90,0.0109,true,1,1413158
7290000211503,false,סוכר לבן ארוז בשקית,"סוגת תעשיות בע""\מ",,"סוכר לבן נייר 1 ק""ג",גרמים,1000.00,100 גרם,false,,4.50,0.0045,true,1,1413159
7290000211985,false,"סוגת אורז עגול ריזוטו 1 ק""ג","סוגת תעשיות בע""\מ",,אורז לבן עגול סוגת 1,גרמים,1000.00,100 גרם,false,,9.90,0.0099,true,1,1413160
7290000234138,false,צלי כתף מס' 5,,,צלי כתף מס' 5,קילוגרמים,1.00,"ק""ג",true,,89.90,89.9000,true,1,1431544
7290000238036,false,מלאווח בקופסא מעדנות 700 גרם,מיוצר עי קונדיטוריית,,מלאווח מעדנות 700 גר,גרמים,700.00,100 גרם,false,,14.90,0.0213,true,1,1411755
7290000238180,false,בורקס תפוחי אדמה מעדנות 800 גרם,מיוצר עי קונדיטוריית,,בורקס תפוחי אדמה מעד,גרמים,800.00,100 גרם,false,,14.90,0.0186,true,1,1411757
7290000245270,false,"פרסיל אבקה לכביסה רגיל שקית 1.25 ק""ג","הנקל סוד בע""מ",,אבקת כביסה פרסיל 1.2,גרמים,1250.00,100 גרם,false,,15.90,0.0127,true,1,1408816
7290000245287,false,"פרסיל אבקת כביסה 1.250 ק""ג קולור ויניגר","הנקל סוד בע""מ",,פרסיל אבקת כביסה 1.2,גרמים,1250.00,100 גרם,false,,15.90,0.0127,true,1,1408817
7290000245478,false,"סוד - אבקת כביסה לבגדי תינוקות 1.25 ק""ג","הנקל סוד בע""מ",,אבקת כביסה בייבי סוד,גרמים,1250.00,100 גרם,false,,12.90,0.0103,true,1,1408818
7290000253220,false,שוקולד צ'יפס חום אופנהיימר 260 גר',אופנהיימר,,שוקולד צ'יפס חום 260,גרמים,260.00,100 גרם,false,,11.90,0.0458,true,1,1406637
7290000253374,false,מיני שוקולד צ'יפס 250 גרם- 66% מוצקי קקאו,אופנהיימר,,מיני שוקולד צ'יפס או,גרמים,250.00,100 גרם,false,,14.90,0.0596,true,1,1435730
7290000261016,false,עוף מס' 2 קפוא חתם ס,,,עוף מס' 2 קפוא חתם ס,קילוגרמים,1.00,"ק""ג",true,,19.90,19.9000,true,1,1428303
7290000261017,false,כרעיים עוף ארוז קפוא,,,כרעיים עוף ארוז קפוא,קילוגרמים,1.00,"ק""ג",true,,24.90,24.9000,true,1,1428304
7290000261018,false,חזה עוף ארוז קפוא חת,,,חזה עוף ארוז קפוא חת,קילוגרמים,1.00,"ק""ג",true,,23.90,23.9000,true,1,1428305
7290000261019,false,כנפיים עוף ארוז קפוא,,,כנפיים עוף ארוז קפוא,קילוגרמים,1.00,"ק""ג",true,,7.90,7.9000,true,1,1428306
7290000261020,false,שוקיים עוף ארוז קפוא,,,שוקיים עוף ארוז קפוא,קילוגרמים,1.00,"ק""ג",true,,23.90,23.9000,true,1,1428307
7290000261021,false,ירכיים עוף ארוז קפוא,,,ירכיים עוף ארוז קפוא,קילוגרמים,1.00,"ק""ג",true,,21.90,21.9000,true,1,1428308
7290000261022,false,פרגיות עוף ארוז קפוא,,,פרגיות עוף ארוז קפוא,קילוגרמים,1.00,"ק""ג",true,,49.90,49.9000,true,1,1428309
7290000261023,false,שניצל עוף פרוס ארוז,,,שניצל עוף פרוס ארוז,קילוגרמים,1.00,"ק""ג",true,,26.90,26.9000,true,1,1428310
7290000261025,false,כבד עוף ארוז קפוא חת,,,כבד עוף ארוז קפוא חת,קילוגרמים,1.00,"ק""ג",true,,9.90,9.9000,true,1,1427649
7290000261041,false,כרעיים טרי ארוז חתם,,,כרעיים טרי ארוז חתם,קילוגרמים,1.00,"ק""ג",true,,24.90,24.9000,true,1,1431606
7290000261044,false,שוקיים טרי ארוז חתם,,,שוקיים טרי ארוז חתם,קילוגרמים,1.00,"ק""ג",true,,34.90,34.9000,true,1,1431609
7290000262499,true,נייר טואלט לח ליליK,,,נייר טואלט לח ליליK,יחידה,0.00,יחידה,false,,0.00,0.0000,true,1,1423249
7290000272696,false,מיץ לימון עסיס משומר 1 ליטר-בקבוק,בית-השיטה עסיס תעשיות מז,,מיץ לימון משומר מרכז,מיליליטרים,1000.00,"100 מ""ל",false,,8.30,0.0083,true,1,1407016
7290000272726,false,חומץ רכיבים רכיבים טבעיים 5% עסיס 1 ליטר,בית-השיטה עסיס תעשיות מז,,חומץ טבעי 5% עסיס 1,מיליליטרים,1000.00,"100 מ""ל",false,,5.90,0.0059,true,1,1407017
7290000277064,false,גבינה צהובה ריץ,,,גבינה צהובה ריץ,קילוגרמים,1.00,"ק""ג",true,,36.90,36.9000,true,1,1408897
7290000281382,false,נתחי פילה דג סלמון ק,,,מעדניה - נתחי פילה ס,קילוגרמים,1.00,"ק""ג",true,,89.90,89.9000,true,1,1438146
7290000284347,false,קינלי סודה בקבוק 1.5,החברה המרכזית לייצור משקאות,,קינלי סודה 1.5 ליטר,מיליליטרים,1500.00,"100 מ""ל",false,,4.00,0.0027,true,1,1413430
7290000287492,false,"סנובון נוזל לניקוי אסלות בריח לימון סנו 750 מ""ל","סנו מפעלי ברונוס בע""מ",,סנובון נוזלי לימון 7,מיליליטרים,750.00,"100 מ""ל",false,,8.90,0.0119,true,1,1410039
7290000288017,false,אקונומיקה בריח לימון סנו ז'אוול 1 ליטר,"סנו מפעלי ברונוס בע""",,סנו זאוול אוקונומיקה,מיליליטרים,1000.00,"100 מ""ל",false,,8.90,0.0089,true,1,1410023
7290000288017,false,אקונומיקה בריח לימון סנו ז'אוול 1 ליטר,"סנו מפעלי ברונוס בע""",,סנו זאוול אוקונומיקה,מיליליטרים,1000.00,"100 מ""ל",false,,8.90,0.0089,true,1,1410042
7290000288024,false,סנו - ז'אוול אקונומיקה בריח לימון 4 ליטר,"סנו מפעלי ברונוס בע""מ",,אקונומיקה בריח לימון,מיליליטרים,4000.00,"100 מ""ל",false,,16.90,0.0042,true,1,1410043
7290000288079,false,סנו - ז'אוול אקונומיקה לימון 2 ליטר,"סנו מפעלי ברונוס בע""מ",,אקונומיקה לימון סנו,מיליליטרים,2000.00,"100 מ""ל",false,,11.90,0.0060,true,1,1410025
7290000288079,false,סנו - ז'אוול אקונומיקה לימון 2 ליטר,"סנו מפעלי ברונוס בע""מ",,אקונומיקה לימון סנו,מיליליטרים,2000.00,"100 מ""ל",false,,11.90,0.0060,true,1,1410045
7290000288352,false,"קוטל חרקים וזוחלים K-300 סנו 630 מ""ל","סנו מפעלי ברונוס בע""מ",,קוטל חרקים קיי - 300,מיליליטרים,630.00,"100 מ""ל",false,,19.90,0.0316,true,1,1410047
7290000288352,false,"קוטל חרקים וזוחלים K-300 סנו 630 מ""ל","סנו מפעלי ברונוס בע""מ",,קוטל חרקים קיי - 300,מיליליטרים,630.00,"100 מ""ל",false,,19.90,0.0316,true,1,1423177
7290000289748,false,"מסיר שומנים לתנורים פורטה פלוס סנו 750 מ""ל","סנו מפעלי ברונוס בע""\מ",,מסיר שומנים פורטה פל,מיליליטרים,750.00,"100 מ""ל",false,,12.90,0.0172,true,1,1410055
7290000292687,false,סנובון מוצק לניקוי אסלה קלאסיק כחול סנו 3 יחידות,מיוצר עי קונדיטוריית,,סנובון כחול לניקוי ה,גרמים,165.00,100 גרם,false,,14.90,0.0903,true,1,1410061
7290000292915,false,"תרסיס לניקוי כללי רסס ונגב סנו 750 מ""ל","סנו מפעלי ברונוס בע""\מ",,רסס ונגב לניקוי וחיט,מיליליטרים,750.00,"100 מ""ל",false,,10.90,0.0145,true,1,1410062
7290000293073,false,מקסימה מרכך כביסה ביו לבן סנו 4 ליטר,"סנו מפעלי ברונוס בע""\מ",,מרכך כביסה ביו לבן ס,מיליליטרים,4000.00,"100 מ""ל",false,,21.90,0.0055,true,1,1410063
7290000294780,false,אקונומיקה סמיכה בריח לימון סנו ז'אוול 4 ליטר,"סנו מפעלי ברונוס בע""מ",,אקונומיקה סמיכה מבוש,מיליליטרים,4000.00,"100 מ""ל",false,,16.90,0.0042,true,1,1410067
7290000295367,false,"מקסימה אבקת כביסה אפקט ז'אוול סנו 2.5 ק""ג",הורביץ סחר,,מקסימה אבקת כביסה זא,גרמים,2500.00,100 גרם,false,,22.90,0.0092,true,1,1410070
7290000295503,false,זוג שקיות מזון טבע 19*25 סנו סושי 150 יחידות,"אשפלסט תעשיות בע""מ",,שקיות אוכל מתכלות 19,יחידה,2.00,יחידה,false,,13.90,6.9500,true,1,1410072
7290000295558,false,"רדיד אלומיניום רוחב 30 ס""מ סנו סושי 2 יח' 7.5 מטר",מולינו ניקולי s.p.a,,צמד רדיד אלומיניום,יחידה,2.00,יחידה,false,,9.90,4.9500,true,1,1410073
7290000300900,false,שניצל תירס מרכיבים טבעיים טבעול 750 גרם,עיצובים 2020 (4.8),,שניצל תירס הסדרה הקל,גרמים,750.00,100 גרם,false,,27.90,0.0372,true,1,1407022
7290000301662,true,טבעול שניצל 5% שומן,,,טבעול שניצל 5% שומן,יחידה,0.00,יחידה,false,,0.00,0.0000,true,1,1423453
7290000307015,true,אפונה גינה פרי הגליל,,,אפונה גינה פרי הגליל,יחידה,0.00,יחידה,false,,5.90,0.0000,true,1,1414589
7290000311128,false,מן עוגיות בטעם חמאה 300 גרם*נ.ל.פ,תות ממתקי איכות,,עוגיות בטעם חמאה פרו,גרמים,300.00,100 גרם,false,,7.90,0.0263,true,1,1418993
7290000311180,false,ופל ופליתעשיריות מן 250 גרם מארז 10 יחידות,"רוקחמן בע""מ",,וופל מן עוגיות 250 ג,יחידה,20.00,יחידה,false,,8.50,0.4250,true,1,1418996
7290000311203,false,"וופלים בטעם שוקולד ""מן"" 200 גרם",תות ממתקי איכות,,וופלים בטעם שוקולד מ,גרמים,200.00,100 גרם,false,,5.50,0.0275,true,1,1413161
7290000311227,false,"וופלים במילוי קרם קפה ""מן"" 200 גרם","רוקחמן בע""מ",,וופלים עם קפה מן 200,גרמים,200.00,100 גרם,false,,5.50,0.0275,true,1,1418997
7290000311319,true,וופלים מצופים משקל 1,,,וופלים מצופים משקל 1,יחידה,0.00,יחידה,false,,24.00,0.0000,true,1,1419001
7290000311425,false,ופל מצופה עשיריות מן 220 גרם מארז 10 יחידות,תות ממתקי איכות,,ופל מצופה אישי מן 10,גרמים,220.00,100 גרם,false,,8.90,0.0405,true,1,1413163
7290000311432,false,עוגיות גרנולה קינמון ללא תוספת סוכר 200ג,"רוקחמן בע""מ",,עוגיות גרנולה קינמון,גרמים,200.00,100 גרם,false,,11.90,0.0595,true,1,1442248
7290000311463,false,מן עוגיות חיטה מלאה חמאה ללא סוכר 200 גרם,"רוקחמן בע""מ",,עוגיות חיטה מלאה חמא,גרמים,200.00,100 גרם,false,,11.90,0.0595,true,1,1442249
7290000311470,false,מיני ופלים בטעם שוקולד ללא סוכר מן 200 גרם,"רוקחמן בע""מ",,מיני וופלים בטעם שוק,גרמים,200.00,100 גרם,false,,12.90,0.0645,true,1,1441733
7290000311500,false,מן וופלים בטעם שוקולד 500 ג-נ.ל.פ,"רוקחמן בע""מ",,ופלים שוקולד מן 500,גרמים,500.00,100 גרם,false,,8.70,0.0174,true,1,1419005
7290000311708,false,מן עוגיות מחיטה מלאה 300 גרם*נ.ל.פ,תות ממתקי איכות,,עוגיות חיטה מלאה מן,גרמים,300.00,100 גרם,false,,7.90,0.0263,true,1,1419007
7290000311715,false,מן עוגיות כוכבים בטעם שוקולד 300 גרם*נ.ל.פ,תות ממתקי איכות,,עוגיות כוכבים בטעם ש,גרמים,300.00,100 גרם,false,,7.90,0.0263,true,1,1419008
7290000311845,false,מן עוגיות חיטה מלאה ללא תוספת סוכר 200 ג,"רוקחמן בע""מ",,עוגיות חיטה מלאה ללא,גרמים,200.00,100 גרם,false,,11.90,0.0595,true,1,1419012
7290000311869,false,מן-וופלים בטעם שוק ללא תוספת סוכר 180ג,תות ממתקי איכות,,ופלים בטעם שוקולד לל,גרמים,180.00,100 גרם,false,,9.90,0.0550,true,1,1419013
7290000313184,false,עוגיות חברים גן חיות וניל אסם 250 גר',"הגביע מוצרי וופלים בע""\מ",,עוגיות גן חיות בטעם,גרמים,250.00,100 גרם,false,,7.90,0.0316,true,1,1407026
7290000327075,false,סודה בטעם למון ליים 500 מל בקבוק שישייה,"טמפו משקאות בע""\מ",,סודה בטעם למון ליים,מיליליטרים,3000.00,"100 מ""ל",false,,16.70,0.0056,true,1,1439297
7290000327112,false,סודה בטעם אננס 500 מל בקבוק,Unknown,,סודה בטעם אננס 500 מ,מיליליטרים,500.00,"100 מ""ל",false,,2.90,0.0058,true,1,1441259
7290000334684,false,טבעות בצל לתנור 700 גרם,"תעשיות תפוגן בע""\מ",,טבעות בצל תפוגן 700,גרמים,700.00,100 גרם,false,,17.90,0.0256,true,1,1407032
7290000339887,true,משחה לימון 3.5קג זוה,,,משחה לימון 3.5קג זוה,יחידה,0.00,יחידה,false,,42.90,0.0000,true,1,1425847
7290000342832,true,בדין צהוב 4 ליטר,,,בדין צהוב 4 ליטר,יחידה,0.00,יחידה,false,,25.90,0.0000,true,1,1423789
7290000342856,false,בדין מרכך כביסה כחול 4 ליטר,יוניליור ישראל טיפוח איש,,בדין מרכך כביסה כחול,ליטרים,4.00,ליטר,false,,19.90,4.9750,true,1,1409680
7290000343018,false,סולוגוני,,,סולוגוני,קילוגרמים,1.00,"ק""ג",true,,59.90,59.9000,true,1,1419493
7290000343124,false,שמנת חמוצה,,,שמנת חמוצה,קילוגרמים,1.00,"ק""ג",true,,16.90,16.9000,true,1,1419498
7290000343735,false,בולגרית רכה 5%,,,בולגרית רכה 5%,קילוגרמים,1.00,"ק""ג",true,,42.90,42.9000,true,1,1419502
7290000345060,false,"מאסדם ק""ג",,,"מאסדם ק""ג",קילוגרמים,1.00,"ק""ג",true,,79.90,79.9000,true,1,1408898
7290000345260,false,תה קלאסיק מעטפות ויסוצקי 25 יחידות,מולינו ניקולי s.p.a,,1.5/25 במעטפה,יחידה,25.00,יחידה,false,,6.90,0.2760,true,1,1406643
7290000345291,false,תה ארל גריי ויסוצקי 25 יחידות,תה ויסוצקי,,תה ארל גריי ויסוצקי,יחידה,25.00,יחידה,false,,14.90,0.5960,true,1,1406646
7290000347738,false,תה ירוק נענע ויסוצקי 25 יחידות,תה ויסוצקי,,תה ירוק נענע ויסוצקי,יחידה,25.00,יחידה,false,,24.90,0.9960,true,1,1406654
7290000347752,false,תה ירוק לימונית ולואיזה 25 שקיקים *1.5 ג'' ויסוצקי,תה ויסוצקי,,תה ירוק לימונית ולוא,יחידה,25.00,יחידה,false,,24.90,0.9960,true,1,1406655
7290000355399,true,טל רוטב טומטו מקס,,,טל רוטב טומטו מקס,יחידה,0.00,יחידה,false,,7.90,0.0000,true,1,1426517
7290000356258,false,מקרל מעושן בינוני,,,מקרל מעושן בינוני,קילוגרמים,1.00,"ק""ג",true,,54.90,54.9000,true,1,1420194
7290000356418,false,פילה הרינג בשמן,,,פילה הרינג בשמן,קילוגרמים,1.00,"ק""ג",true,,48.90,48.9000,true,1,1420197
7290000356463,false,סלמון בטן מובחר,,,סלמון בטן מובחר,קילוגרמים,1.00,"ק""ג",true,,89.90,89.9000,true,1,1420200
7290000356951,false,פילה סלמון פרוס בעיש,,,סלמון מעושן פרוס למס,קילוגרמים,1.00,"ק""ג",true,,199.90,199.9000,true,1,1420203
7290000363400,false,נקניק סלמי פפרוני טי,הנסיך- מפעל לייצור ט,,נקניק סלמי פפרוני טי,קילוגרמים,1.00,"ק""ג",true,,75.00,75.0000,true,1,1422485
7290000363462,false,נקניק סלמי איטלקי מע,טירת- צבי,,סלמי איטלקי,קילוגרמים,1.00,"ק""ג",true,,75.00,75.0000,true,1,1411705
7290000363486,false,נקניק תה טירת צבי מע,טירת- צבי,,נקניק תה מעושן,קילוגרמים,1.00,"ק""ג",true,,44.90,44.9000,true,1,1411706
7290000364858,false,"נקניקיות עוף טרי טירת צבי 1 ק""ג",הנסיך- מפעל לייצור ט,,"נקנ' עוף טרי 1 ק""ג",קילוגרמים,1.00,"ק""ג",false,,23.90,23.9000,true,1,1430905
7290000365398,false,חזה הודו בדבשטירת צבי,טירת- צבי,,חזה הודו בדבש,קילוגרמים,1.00,"ק""ג",true,,85.00,85.0000,true,1,1411714
7290000365954,false,פסטרמה הודו גחלים טי,טירת- צבי,,פסטרמה גחלים,קילוגרמים,1.00,"ק""ג",true,,85.00,85.0000,true,1,1411716
7290000367590,false,פסטרמה כפרית וסלמי פריזר כפרי טירת צבי 2*400 גרם,טיב טירת צבי 2000,,פסטרמה כפרית וסלמי פ,גרמים,800.00,100 גרם,false,,24.90,0.0311,true,1,1422732
7290000369617,false,מעדן כדורי פטה בשמן מתובל ניצן 230 גרם,גבינות אמיר ניצן בעמ,,מעדן כדורי פטה בשמן,גרמים,230.00,100 גרם,false,,16.90,0.0735,true,1,1419970
7290000369709,false,חמאה עירונית בתוספת ריחן ושום טרי גבינות ניצן 100 גרם,גבינות אמיר ניצן בעמ,,חמאה עירונית בתוספת,גרמים,100.00,100 גרם,false,,12.90,0.1290,true,1,1419971
7290000371571,false,פסטרמה פרגיות לבאגט,,,פסטרמה פרגיות לבאגט,קילוגרמים,1.00,"ק""ג",true,,85.00,85.0000,true,1,1411719
7290000377100,true,"סחוט תפוזים 4 ל """,,,"סחוט תפוזים 4 ל """,יחידה,0.00,יחידה,false,,0.00,0.0000,true,1,1423591
7290000395408,false,גבינה צהובה נעם 28%,,,גבינה צהובה נעם 28%,קילוגרמים,1.00,"ק""ג",true,,44.79,44.7900,true,1,1413580
7290000395415,false,"חריץ גבנ""צ 9% נעם ק""",,,"חריץ גבנ""צ 9% נעם ק""",קילוגרמים,1.00,"ק""ג",true,,89.90,89.9000,true,1,1422492
7290000395422,false,גבינה צהובה נעם 22%,,,גבינה צהובה נעם 22%,קילוגרמים,1.00,"ק""ג",true,,42.50,42.5000,true,1,1413581
7290000408316,false,יוגורט דנונה דל לקטוז 200 גרם,מיוצר עי קונדיטוריית,,יוגורט דנונה ביו 3%,גרמים,200.00,100 גרם,false,,3.70,0.0185,true,1,1405578
7290000408354,false,יוגורט עם אורז מצופה שוקולד קקאו 175 ג' דנונה,"שטראוס בריאות בע""\מ",,דנונה בר פצפוצים 173,גרמים,173.00,100 גרם,false,,4.30,0.0249,true,1,1405579
7290000412481,false,נוזל לניקוי אסלות 00 סנו 1 ליטר,מיוצר עי קונדיטוריית,,"סנו מנקה אסלות ""00""",מיליליטרים,1000.00,"100 מ""ל",false,,7.90,0.0079,true,1,1410027
7290000412481,false,נוזל לניקוי אסלות 00 סנו 1 ליטר,מיוצר עי קונדיטוריית,,"סנו מנקה אסלות ""00""",מיליליטרים,1000.00,"100 מ""ל",false,,7.90,0.0079,true,1,1410075
7290000416021,false,ממרח בטעם שוקולד השחר חלבי 500,השחר העולה,,ממרח שוקולד השחר 500,גרמים,500.00,100 גרם,false,,13.90,0.0278,true,1,1413164
7290000416618,false,"ממרח שוקולד פרווה השחר 400 גרם כשל""פ",השחר העולה תעשייות מ,,שוקולד השחר פרווה 40,גרמים,400.00,100 גרם,false,,11.40,0.0285,true,1,1413165
7290000419909,false,לנדוור קפה שחור לבוקר טחון טורקי 100 גרם,מולינו ניקולי s.p.a,,קפה שחור בטעם אספרסו,גרמים,100.00,100 גרם,false,,7.90,0.0790,true,1,1428189
7290000432632,true,נר שבת מספר 4,,,נר שבת מספר 4,יחידה,0.00,יחידה,false,,5.00,0.0000,true,1,1423065
7290000432694,true,נר שבת מספר 20,,,נר שבת מספר 20,יחידה,0.00,יחידה,false,,5.00,0.0000,true,1,1423066
7290000435213,false,"עדשים דרזה משמחים 20 גרכשל""פ חת""ס",הנמל,,כשלפ משמחים עדשים מי,גרמים,20.00,100 גרם,false,,1.50,0.0750,true,1,1419243
7290000435312,false,כשלפ משמחים עדשים 10,,,כשלפ משמחים עדשים 10,גרמים,100.00,100 גרם,false,,4.90,0.0490,true,1,1433986
7290000436241,true,עוגיות בוטנים כשלפ2,,,עוגיות בוטנים כשלפ2,יחידה,0.00,יחידה,false,,3.00,0.0000,true,1,1422915
7290000436258,true,עוגיות קוקוס כשלפ20,,,עוגיות קוקוס כשלפ20,יחידה,0.00,יחידה,false,,3.00,0.0000,true,1,1422916
7290000446547,true,חמאת בוטנים טבעית35,,,חמאת בוטנים טבעית35,יחידה,0.00,יחידה,false,,0.00,0.0000,true,1,1423251
7290000449128,false,סיף פנטסטיק לימון ניקוי רב תכליתי 4ל',יוניליוור ישראל טיפוח אי,,סיף 4 ליטר לניקוי כל,ליטרים,4.00,ליטר,false,,21.90,5.4750,true,1,1409682
7290000450209,false,פוסידון טונה בהירה בשמן 77 גרם,"מיוצר עי וליגר בעמ,",,טונה פוסידון 108 גרם,גרמים,108.00,100 גרם,false,,5.90,0.0546,true,1,1408900
7290000453019,false,שמרים טריים לאפייה שקית שמרית 50 ג',"פאקא תעשיות בע""\מ",,שימרית שמרים טריים ב,גרמים,50.00,100 גרם,false,,4.50,0.0900,true,1,1405580
7290000453798,false,שמרית שמרים יבשים אקטיביים 500 גר',"גי' בי' רכיבים בע""מ",,שמרים יבשים אקטיבים,גרמים,500.00,100 גרם,false,,12.90,0.0258,true,1,1416464
7290000453866,false,נטורינה תחליף מרגרינה לבישול ואפיה קוקוס שמרית 200 גרם,גרונבאנג- גרונדנסק א,,נטורינה קוקוס לאפייה,גרמים,200.00,100 גרם,false,,8.50,0.0425,true,1,1405582
7290000453880,false,מרגרינה ללא מלח לאפיה ובישול שמרית 200גר,"פאקא תעשיות בע""מ",,מרגרינה ללא מלח לאפי,גרמים,200.00,100 גרם,false,,5.90,0.0295,true,1,1405584
7290000453897,false,מרגרינה בטעם חמאה שמרית 200 גרם,גרונבאנג- גרונדנסק א,,מרגרינה בטעם חמאה 20,גרמים,200.00,100 גרם,false,,5.90,0.0295,true,1,1405585
7290000462141,false,סחוג אדום תימני מקורי חריף מאוד זהבי 150 גרם,קריניסה ויטמין אס אי,,זחוק תימני אדום חריף,גרמים,150.00,100 גרם,false,,7.90,0.0527,true,1,1405587
7290000462172,false,סחוג תימני ירוק חריף זהבי הכרם 150 גרם,קריניסה ויטמין אס אי,,זחוק תימני ירוק חריף,גרמים,150.00,100 גרם,false,,6.90,0.0460,true,1,1405589
7290000465289,false,זיתים ירוקים מבוקעים,בית השיטה,,ב.הש.זיתים ירוקים מב,גרמים,340.00,100 גרם,false,,10.90,0.0321,true,1,1428409
7290000467153,false,מלך החומוס סמיר הגדול 400 גרם צבר,סלטי צבר,,חומוס סמיר הגדול עם,גרמים,400.00,100 גרם,false,,13.90,0.0348,true,1,1407043
7290000467320,false,מלך החומוס אבו מרוואן 400 גרם,סלטי צבר,,סלט חומוס אבו מרוואן,גרמים,400.00,100 גרם,false,,13.90,0.0348,true,1,1407045
7290000467511,false,ביסלי חטיף ברביקיו אסם 55 ג',"אסם השקעות בע""מ",,ביסלי ברביקיו 55 גרם,גרמים,55.00,100 גרם,false,,3.90,0.0709,true,1,1407046
7290000467887,false,ביסלי בטעם פיצה 55 גרם אסם,"אסם השקעות בע""מ",,ביסלי פיצה 55 גרם,גרמים,55.00,100 גרם,false,,3.90,0.0709,true,1,1407047
7290000468747,false,ביסלי חטיף גריל אסם 55 ג',"אסם השקעות בע""מ",,ביסלי גריל 55 גרם,גרמים,55.00,100 גרם,false,,3.90,0.0709,true,1,1407048
7290000468877,false,ביסלי בטעם בצל 55 גרם אסם,"אסם השקעות בע""מ",,ביסלי בצל 55 גרם,גרמים,55.00,100 גרם,false,,3.90,0.0709,true,1,1407049
7290000474090,false,"חלב בקרטון 1%- 1 ליטר בד""צ - מוצר בפיקוח",מילקו תעשיות בעמ,,חלב בקרטון 1% - 1 לי,מיליליטרים,1000.00,"100 מ""ל",false,,5.86,0.0059,true,1,1413587
7290000474373,false,"שמנת חמוצה 15% שומן 200 מ""ל טרה",קריות זול,,שמנת חמוצה לבישול וא,מיליליטרים,200.00,"100 מ""ל",false,,2.40,0.0120,true,1,1413589
7290000474502,false,גבינה לבנה טרה 5% מרכיבים טבעיים,הפריט בפיקוח,,גבינה לבנה 5% טרה 25,גרמים,250.00,100 גרם,false,,4.98,0.0199,true,1,1413591
7290000474540,false,טוב טעם גבינה לבנה 3% טרה 250 גרם,קריות זול,,גבינה לבנה חצי קשה 3,גרמים,250.00,100 גרם,false,,10.20,0.0408,true,1,1413592
7290000477014,true,"מארז מחלבות רמה""ג שק",,,מארז טרה שקית חלב1,יחידה,0.00,יחידה,false,,2999.90,0.0000,true,1,1423606
7290000480107,false,קוואקר שיבולת שועל פחית 500 גרם,וולקרס סנקס לימיטד,,שיבולת שועל הולנדי ק,גרמים,500.00,100 גרם,false,,13.90,0.0278,true,1,1406132
7290000480442,false,קוואקר שיבולת שועל בשקית 500 גרם,פריטו ליי FRITO-LAY,,קוואקר שיבולת שועל ש,גרמים,500.00,100 גרם,false,,11.90,0.0238,true,1,1406133
7290000481029,false,10 פיתות בטעם ביתי דגנית,דגנית עין בר תעשיות מזון,,מארז פיתות מזרחיות ע,יחידה,10.00,יחידה,false,,10.90,1.0900,true,1,1443467
7290000481043,false,10 פיתות מקמח כוסמין מלא דגנית,דגנית עין בר תעשיות מזון,,פיתות כוסמין מלא 10,גרמים,700.00,100 גרם,false,,14.90,0.0213,true,1,1437927
7290000481531,false,דגנית עין בר לחמניות אצבע מחיטה מלאה בשקית 750 ג',דגנית עין בר תעשיות מזון,,עשיריית לחמניות מחיט,גרמים,750.00,100 גרם,false,,11.90,0.0159,true,1,1443468
7290000481883,false,דגנית עין בר מארז לחמניות 10 יח'*75 ג',דגנית עין בר תעשיות מזון,,עשיריית לחמניות אצבע,גרמים,750.00,100 גרם,false,,11.90,0.0159,true,1,1443469
7290000484747,false,עראק עלית 700 מל 40% כהל,יקב הגליל יוסף גולד ובניו,,"ערק עלית הארק 700 מ""",מיליליטרים,700.00,"100 מ""ל",false,,50.20,0.0717,true,1,1413135
7290000484747,false,עראק עלית 700 מל 40% כהל,יקב הגליל יוסף גולד ובניו,,"ערק עלית הארק 700 מ""",מיליליטרים,700.00,"100 מ""ל",false,,50.20,0.0717,true,1,1413166
7290000493176,false,אסם אבקת רוטב צלי לבשר 22 ג',"אסם השקעות בע""\מ",,אסם אבקת רוטב צלי לב,גרמים,22.00,100 גרם,false,,3.60,0.1636,true,1,1407050
7290000493183,false,אבקת רוטב פטריות לבשר-30 גרם,"אסם השקעות בע""\מ",,אסם אבקת רוטב פטריות,גרמים,30.00,100 גרם,false,,3.50,0.1167,true,1,1407051
7290000497031,false,_גבינת טברוג 5%,,,_גבינת טברוג 5%,קילוגרמים,1.00,"ק""ג",true,,23.90,23.9000,true,1,1416346
7290000497035,false,_גבינת_צפתית/ קש 5%,,,_גבינת_צפתית/ קש 5%,קילוגרמים,1.00,"ק""ג",true,,34.90,34.9000,true,1,1416349
7290000497037,false,טברוג צימוקים - געש,,,טברוג צימוקים - געש,קילוגרמים,1.00,"ק""ג",true,,29.90,29.9000,true,1,1416350
7290000497039,false,גבינה עירקית ביתית,,,גבינה עירקית ביתית,קילוגרמים,1.00,"ק""ג",true,,49.90,49.9000,true,1,1416351
7290000497040,false,כדורי מוצרלה ענק,,,כדורי מוצרלה ענק,קילוגרמים,1.00,"ק""ג",true,,49.90,49.9000,true,1,1416352
7290000497041,false,בייבי מוצרלה מובחר,,,בייבי מוצרלה מובחר,קילוגרמים,1.00,"ק""ג",true,,53.90,53.9000,true,1,1416353
7290000497043,false,נקניק מוצרלה,,,נקניק מוצרלה,קילוגרמים,1.00,"ק""ג",true,,59.90,59.9000,true,1,1416355
7290000497045,false,שמנת חמוצה 15% בטעם,,,שמנת חמוצה 15% בטעם,קילוגרמים,1.00,"ק""ג",true,,15.90,15.9000,true,1,1416356
7290000503790,true,מגבוני האגיס נטורל7,,,מגבוני האגיס נטורל7,יחידה,0.00,יחידה,false,,5.00,0.0000,true,1,1422917
7290000511229,false,מעדניה-בולגרית חלקה,,,מעדניה-בולגרית חלקה,קילוגרמים,1.00,"ק""ג",true,,38.90,38.9000,true,1,1420995
7290000511236,false,מעדניה-בולגרית חלקה,,,מעדניה-בולגרית חלקה,קילוגרמים,1.00,"ק""ג",true,,38.90,38.9000,true,1,1420996
7290000511243,false,מעדניה-בולגרית מסורת,,,מעדניה-בולגרית מסורת,קילוגרמים,1.00,"ק""ג",true,,39.00,39.0000,true,1,1420997
7290000511247,false,מעדניה - אצבעות שוקו,,,מעדניה - אצבעות שוקו,קילוגרמים,1.00,"ק""ג",true,,59.90,59.9000,true,1,1420998
7290000511250,false,_שמנת שום שמיר 30%,,,_שמנת שום שמיר 30%,קילוגרמים,1.00,"ק""ג",true,,39.90,39.9000,true,1,1417155
7290000511274,false,_שמנת זיתים 30%,,,_שמנת זיתים 30%,קילוגרמים,1.00,"ק""ג",true,,39.90,39.9000,true,1,1417156
7290000511427,false,מעדניה - אצבעות שוקו,,,מעדניה - אצבעות שוקו,קילוגרמים,1.00,"ק""ג",true,,59.90,59.9000,true,1,1422797
7290000514406,true,שימורי חומוס שלם 550,,,שימורי חומוס שלם550,יחידה,0.00,יחידה,false,,5.00,0.0000,true,1,1422918
7290000514499,true,שעועית לבנה ברוטב58,,,שעועית לבנה ברוטב58,יחידה,0.00,יחידה,false,,5.00,0.0000,true,1,1422919
7290000521015,false,"יין לבן יבש של סגל750מ""ל","מיוצר ע""י כרמי צבי-",,יין לבן יבש יקבי סגל,מיליליטרים,750.00,"100 מ""ל",false,,21.90,0.0292,true,1,1410664
7290000523125,false,מלח הארץ הים האדום 250 ג' עדין,"חברת מלח הארץ אילת בע""\מ",,מלח ים יבש מלח הארץ,גרמים,250.00,100 גרם,false,,5.90,0.0236,true,1,1406613
7290000523125,false,מלח הארץ הים האדום 250 ג' עדין,"חברת מלח הארץ אילת בע""\מ",,מלח ים יבש מלח הארץ,גרמים,250.00,100 גרם,false,,5.90,0.0236,true,1,1406657
7290000523224,false,מלח הארץ הים האדום 500 ג' עדין,"חברת מלח הארץ אילת בע""\מ",,מלח ים דק מלח הארץ 5,גרמים,500.00,100 גרם,false,,7.90,0.0158,true,1,1406658
7290000523514,false,מלח ים יבש מופחת נתרן מלח הארץ 250 גרם,"חברת מלח הארץ אילת בע""\מ",,מלח הארץ 50% מכמות ה,גרמים,250.00,100 גרם,false,,10.50,0.0420,true,1,1420988
7290000523811,true,"מלח הארץ גס 1 ק""ג",,,"מלח הארץ גס 1 ק""ג",יחידה,0.00,יחידה,false,,7.90,0.0000,true,1,1427391
7290000525969,false,מיץ תפוזים סחוט רכיבים טבעיים פרימור 1 ליטר,"גניר (1992) בע""מ",,מיץ תפוזים סחוט פרי,מיליליטרים,1000.00,"100 מ""ל",false,,16.20,0.0162,true,1,1405593
7290000530024,false,נקניק תה מעושן רחב במשקל,זוגלובק,,נקניק תה מעושן,קילוגרמים,1.00,"ק""ג",true,,44.90,44.9000,true,1,1415271
7290000530086,false,נקניק סלמי מעושן זוגלובק 600 גרם,נקניק נהריה כשר זוגל,,סלמי מעושן 7000 600,גרמים,600.00,100 גרם,false,,24.90,0.0415,true,1,1415286
7290000530178,false,נקניק קוניאק זוגלובק,זוגלובק,,נקניק קוניאק זוגלובק,קילוגרמים,1.00,"ק""ג",true,,69.90,69.9000,true,1,1415274
7290000530291,false,נקניק מבשר הודו קטן זוגלובק 750 גרם,נקניק נהריה כשר זוגל,,נקניק מבשר הודו קטן,גרמים,750.00,100 גרם,false,,18.90,0.0252,true,1,1415288
7290000530369,false,גולן ח.הודו מעוש.שלם משק,זוגלובק,,פסט' גולן חזה מעושן,קילוגרמים,1.00,"ק""ג",true,,69.90,69.9000,true,1,1422787
7290000530413,false,המבורגר זהב זוגלובק 400 גרם,נקניק נהריה כשר זוגל,,המבורגר זהב 400 גרם,גרמים,400.00,100 גרם,false,,19.90,0.0497,true,1,1415289
7290000530598,false,נקניקיות עוף וינר זוגלובק 500 גרם,נקניק נהריה כשר זוגל,,נקניקיות וינר 500 גר,גרמים,500.00,100 גרם,false,,14.90,0.0298,true,1,1415290
7290000530604,false,נקניקיות וינר חריפות גוליבר 500ג זוגלובק,נקניק נהריה כשר זוגל,,נקניקיות חריפות 400,גרמים,400.00,100 גרם,false,,14.90,0.0373,true,1,1415291
7290000530703,false,פסטרמה חרמון כפרית ונקניק תה מעושן זוגלובק 2*400 גרם,נקניק נהריה כשר זוגל,,תה מעושן 400 גרם + פ,גרמים,800.00,100 גרם,false,,29.90,0.0374,true,1,1415292
7290000531601,false,סטייקבורגר זהב זוגלובק 400 גרם,נקניק נהריה כשר זוגל,,סטייק בורגר זהב 400,גרמים,400.00,100 גרם,false,,19.90,0.0497,true,1,1415293
7290000534718,false,חזה הודו תבור דל שומן מש,זוגלובק,,פסט' תבור חזה מעושן,קילוגרמים,1.00,"ק""ג",true,,69.90,69.9000,true,1,1415278
7290000536057,false,נקניק מורטודלה -זיתי,,,נקניק מורטודלה -זיתי,קילוגרמים,1.00,"ק""ג",true,,29.90,29.9000,true,1,1422500
7290000537566,false,נקניקיות עוף טרי 400 ג' זוגלובק,נקניק נהריה כשר זוגל,,נקניקיות עוף זוגלובק,גרמים,400.00,100 גרם,false,,12.90,0.0323,true,1,1415297
7290000537603,false,"נקניקיות עוף זוגלובק 1 ק""ג",זוגלובק,,"נקניקיות עוף 1 ק""ג",גרמים,1000.00,100 גרם,false,,23.90,0.0239,true,1,1428367
7290000538709,false,נקניק סלמי תה מעושן זוגלובק 200 גרם,זוגלובק,,תה מעושן זוגלובק 200,גרמים,200.00,100 גרם,false,,14.90,0.0745,true,1,1415298
7290000552194,false,קישקע טיבון ויל 500 גרם,טיבון ויל אחזקות בעמ,,קישקע טיבון ויל 500,גרמים,500.00,100 גרם,false,,12.90,0.0258,true,1,1408905
7290000552194,false,קישקע טיבון ויל 500 גרם,טיבון ויל אחזקות בעמ,,קישקע טיבון ויל 500,גרמים,500.00,100 גרם,false,,12.90,0.0258,true,1,1408979
7290000554006,true,קאשקבלו,,,קאשקבלו,יחידה,0.00,יחידה,false,,119.00,0.0000,true,1,1422493
7290000554457,false,גבינה צפתית 5% 350 גרם - רבנות,"מחלבות גד בע""\מ",,גבינה צפתית 5% גד 35,גרמים,350.00,100 גרם,false,,19.90,0.0569,true,1,1413747
7290000554624,false,ירח מתוק מעדן חלב עם אורז 3% גד 150 גרם,"מיוצר ע""\י קוד יצרן EDNK",,מעדן ירח מתוק 3% 150,גרמים,150.00,100 גרם,false,,5.90,0.0393,true,1,1413751
7290000554686,false,גבינת לאבנה בתוספת שמן זית וזעתר 5% גד 250 גרם,מחלבות גד בעמ,,גבינת לאבנה בשמן זית,גרמים,250.00,100 גרם,false,,13.80,0.0552,true,1,1413752
7290000554822,false,ריקוטה גבינה לבנה בסגנון איטלקי 5% גד 250 גרם,מחלבות גד בעמ,,ריקוטה 5% 250 גרם,גרמים,250.00,100 גרם,false,,12.90,0.0516,true,1,1413753
7290000554839,false,מסקרפונה שמנת מתוקה קשה בסגנון איטלקי 40% גד 250 גרם,מחלבות גד בעמ,,גבינת מסקרפונה 40% ג,גרמים,250.00,100 גרם,false,,19.90,0.0796,true,1,1413754
7290000560021,true,"ג""ל גילוח אדג """,,,"ג""ל גילוח אדג """,יחידה,0.00,יחידה,false,,0.00,0.0000,true,1,1423252
7290000560533,false,אדג' ג'ל ירוק לעור רגיל 198גרם,אס.סי ג'ונסון ובניו,,ג'ל גילוח ירוק לעור,גרמים,200.00,100 גרם,false,,15.90,0.0795,true,1,1410383
7290000572208,false,חלוה בטעם וניל אחווה 100 גרם,שוורצקוף& הנקל דיסלד,,חלווה אחווה 100 גרם,גרמים,100.00,100 גרם,false,,2.90,0.0290,true,1,1413167
7290000572222,false,חלווה בלוק וניל אחוה 500 גרם,אחדות ביחר לטחינה חל,,חלווה 500 גרם אחווה,גרמים,500.00,100 גרם,false,,11.90,0.0238,true,1,1410450
7290000572529,false,חלוה עם פיסטוק אחווה 400 גרם,אחדות ביחר לטחינה חל,,חלוה פיסטוק 400 גרם,גרמים,400.00,100 גרם,false,,14.90,0.0373,true,1,1413169
7290000572543,false,חלוה בטעם שוקו וניל אחווה 400 גרם,אחדות ביחר לטחינה חל,,חלווה שיש 400 גרם במ,גרמים,400.00,100 גרם,false,,12.90,0.0323,true,1,1413171
7290000572628,false,חטיפי חלווה ללא סוכר בקופסא 250 גרם,אחדות ביחר לטחינה חל,,חטיפי חלווה ללא תוספ,גרמים,275.00,100 גרם,false,,13.50,0.0491,true,1,1413172
7290000574028,false,לחם שחור מועשר בחומצה פולית וויטמינים דגנים 750 גרם,יוניליוור גרמניה Gm,,לחם שחור מועשר דגנית,גרמים,750.00,100 גרם,false,,8.90,0.0119,true,1,1443475
7290000574141,false,לחם חיטה מלא 750ג' דגנית עין בר,דגנית עין בר תעשיות מזון,,לחם חיטה מלא דגנית 7,גרמים,750.00,100 גרם,false,,13.90,0.0185,true,1,1441197
7290000574165,false,חלה מעודנת פרוסה 500,מולינו ניקולי s.p.a,,חלה פרוסה דגנית 500,גרמים,500.00,100 גרם,false,,8.90,0.0178,true,1,1443508
7290000574172,false,לחם קל מחיטה מלאה 750 ג' דגנית עין בר,דגנית עין בר תעשיות מזון,,לחם קל מחיטה מלאה דג,גרמים,750.00,100 גרם,false,,13.90,0.0185,true,1,1443470
7290000574332,false,חלה קלה פרוסה דגנית,דגנית עין בר,,חלה קלה פרוסה דגנית,גרמים,500.00,100 גרם,false,,10.90,0.0218,true,1,1443510
7290000574455,false,לחם חיטה מלא פלוס כוסמין 750 ג' דגנית עין בר,פריט ללא פיקוח,,לחם חיטה+כוסמין דגני,גרמים,750.00,100 גרם,false,,13.90,0.0185,true,1,1441198
7290000599014,true,קופיקס-מ א - סחבה60,,,קופיקס-מ א - סחבה60,יחידה,0.00,יחידה,false,,0.00,0.0000,true,1,1423608
7290000604022,false,ביצים גדולות L תנובה 12 יחידות,ביצי תנובה,,12 ביצים L גדול,יחידה,12.00,יחידה,false,,12.05,1.0042,true,1,1411840
7290000604022,false,ביצים גדולות L תנובה 12 יחידות,ביצי תנובה,,12 ביצים L גדול,יחידה,12.00,יחידה,false,,12.05,1.0042,true,1,1428808
7290000625607,false,גבינת חריץ סקנדינבית,,,גבינת חריץ סקנדינבית,קילוגרמים,1.00,"ק""ג",true,,75.00,75.0000,true,1,1411352
7290000639246,false,פסטרמה איטלקית,,,פסטרמה איטלקית,קילוגרמים,1.00,"ק""ג",true,,69.90,69.9000,true,1,1415282
7290000654355,false,שקית גופיה רמי לוי ב,,,שקית גופיה רמי לוי ב,קילוגרמים,1.00,"ק""ג",false,,0.10,0.1000,true,1,1434620
7290000654546,false,פילה אמנון 7-9 100% דג תנובה,תנובה,,פילה אמנון קפוא 7-9,קילוגרמים,1.00,"ק""ג",true,,36.90,36.9000,true,1,1440936
7290000658469,true,שריר מס 8,,,שריר מס 8,קילוגרמים,1.00,"ק""ג",true,,34.90,34.9000,true,1,1423889
7290000662213,false,נתח פילה סלמון קפוא תנובה,תנובה,,נתח פילה סלמון דגי ת,קילוגרמים,1.00,"ק""ג",true,,89.90,89.9000,true,1,1440938
7290000663135,false,קוביות סלומון קפוא 100% דג 300 גרם תנובה,"צ'\ילה, Ll MONTT, PUERTO",,קוביות סלמון קפוא דג,גרמים,300.00,100 גרם,false,,29.90,0.0997,true,1,1440939
7290000670140,false,פטה רכה,,,פטה רכה,קילוגרמים,1.00,"ק""ג",true,,29.90,29.9000,true,1,1419715
7290000688381,false,שישיית מי עדן פקק ספורט 0.5 ליטר,"מופק ממקור בזלתי עדן ,1",,מים מינרליים פקק ספו,מיליליטרים,3000.00,"100 מ""ל",false,,13.90,0.0046,true,1,1407555
7290000688503,false,"מים מינרלים פקק ספורט מי עדן 6*750 מ""ל","מופק ממקור בזלתי עדן ,1",,מים מינרלים פקק ספור,מיליליטרים,4500.00,"100 מ""ל",false,,16.70,0.0037,true,1,1407556
7290000688732,false,שישיית מי עדן 1.5 ליטר משפחתי,"מופק ממקור בזלתי עדן ,1",,מים מינרליים מי עדן,מיליליטרים,9000.00,"100 מ""ל",false,,12.70,0.0014,true,1,1407557
7290000725600,false,גבינת חריץ סקנדינבית,,,גבינת חריץ סקנדינבית,קילוגרמים,1.00,"ק""ג",true,,75.00,75.0000,true,1,1420992
7290000770147,false,פטה רכה,,,פטה רכה,קילוגרמים,1.00,"ק""ג",true,,29.90,29.9000,true,1,1434127
7290000861278,false,_גבינה שמנת טבעי 30%,,,_גבינה שמנת טבעי 30%,קילוגרמים,1.00,"ק""ג",true,,39.90,39.9000,true,1,1417157
7290000861520,false,_גבינת שמנת 5% בטעמי,,,_גבינת שמנת 5% בטעמי,קילוגרמים,1.00,"ק""ג",true,,29.90,29.9000,true,1,1417160
7290000900566,false,פסטרמה ברביקיו דלת-ש,,,פסטרמה ברביקיו דלת-ש,גרמים,360.00,100 גרם,false,,25.90,0.0719,true,1,1411722
7290000961804,false,דלעת ארוזה,ברכת קטיף,,דלעת חתוכה,קילוגרמים,1.00,"ק""ג",true,,9.80,9.8000,true,1,1420911
7290000977250,false,ענב לבן 500 גרם,,,ענב לבן 500 גרם,גרמים,500.00,100 גרם,false,,24.90,0.0498,true,1,1440067
7290000995410,false,נבטים סיניים נבטי העמק,נסטלה פורינה USA קר,,נבטים סיניים נבטי הע,יחידה,1.00,יחידה,false,,6.90,6.9000,true,1,1417569
7290000995441,true,כרוב תעל,,,כרוב תעל,יחידה,0.00,יחידה,false,,13.90,0.0000,true,1,1418645
7290001045169,false,מיץ תפוחי עץ צלול פרימור 1 ליטר,"גניר (1992) בע""מ",,מיץ תפוחי עץ צלול 1,מיליליטרים,1000.00,"100 מ""ל",false,,16.20,0.0162,true,1,1405594
7290001045633,false,פרימור מיץ לימון ונענע סחוט טרי 400מל,פרימור,,"מיץ לימונענע 400 מ""ל",מיליליטרים,400.00,"100 מ""ל",false,,8.30,0.0208,true,1,1408341
7290001045688,false,"מיץ תפוזים סחוט פרימור 400 מ""ל",פרימור,,משקה תפוזים פרימור 4,מיליליטרים,400.00,"100 מ""ל",false,,10.20,0.0255,true,1,1405598
7290001045893,true,משקה לימון עם נענע1,,,משקה לימון עם נענע1,יחידה,0.00,יחידה,false,,5.00,0.0000,true,1,1422920
7290001070611,true,ג'ל אלכוהול לידיים 1,,,"ג""ל אלכוהול לידיים1",יחידה,0.00,יחידה,false,,5.00,0.0000,true,1,1423044
7290001123782,false,שווארמה אמיתית הודו טיבון ויל 500 גרם,טיבון ויל - נטו,,שווארמה הודו 500 גרם,גרמים,500.00,100 גרם,false,,29.90,0.0598,true,1,1408985
7290001135013,true,טחול עוף טרי ארוז,,,טחול עוף טרי ארוז,קילוגרמים,1.00,"ק""ג",true,,76.90,76.9000,true,1,1428731
7290001136973,true,ס.נוזלי נקה 7,,,ס.נוזלי נקה 7,יחידה,0.00,יחידה,false,,0.00,0.0000,true,1,1423403
7290001179291,false,צלחת 9' קרם (25 יח'),,,צלחת 9' קרם (25 יח'),יחידה,25.00,יחידה,false,,11.90,0.4760,true,1,1415617
7290001199039,false,סלט בולגרי - ברדה,סלטי עמים ברדה,,סלט בולגרי - ברדה,קילוגרמים,1.00,"ק""ג",false,,13.00,13.0000,true,1,1419940
7290001199084,false,גזר בסגנון קוריאני 500 גרם,סלטי עמים ברדה,,גזר בסיגנון קוריאני,קילוגרמים,1.00,"ק""ג",false,,13.00,13.0000,true,1,1419942
7290001199244,false,"סלט כרוב במלח 1 ק""ג",סלטי עמים ברדה,,"סלט כרוב במלח 1 ק""ג",גרמים,1000.00,100 גרם,false,,16.90,0.0169,true,1,1419946
7290001199312,false,מעדן חצילים 450 גרם,סלטי עמים ברדה,,מעדן חצילים - ברדה,קילוגרמים,1.00,"ק""ג",false,,13.00,13.0000,true,1,1419947
7290001199404,false,"כרוב במלח עם חמוציות 1 ק""ג",סלטי עמים ברדה,,סלט כרוב במלח עם חמו,קילוגרמים,1.00,"ק""ג",false,,13.00,13.0000,true,1,1419948
7290001199435,false,חציל פיקנטי - ברדה,סלטי עמים ברדה,,חציל פיקנטי - ברדה,קילוגרמים,1.00,"ק""ג",false,,13.00,13.0000,true,1,1419949
7290001199459,false,כרוב במלח עם תפוחי ע,סלטי עמים ברדה,,סלט כרוב במלח עם תפו,קילוגרמים,1.00,"ק""ג",false,,13.00,13.0000,true,1,1419950
7290001201589,true,12 ביצים L ארוז,,,12 ביצים L ארוז,יחידה,0.00,יחידה,false,,10.90,0.0000,true,1,1418639
7290001216040,false,טחינה גולמית שומשום טהור אל ארז 500 גרם,אגס ירוק מסחר ושירותים,,טחינה אל ארז שומשום,גרמים,500.00,100 גרם,false,,16.90,0.0338,true,1,1413173
7290001221402,true,25יח קעריות אובליות,,,25יח קעריות אובליות,יחידה,0.00,יחידה,false,,0.00,0.0000,true,1,1423253
7290001246092,false,"טאצ' תרסיס מסיר שומנים 750 מ""ל",סאסאטק,,תרסיס מסיר שומנים 75,מיליליטרים,750.00,"100 מ""ל",false,,11.90,0.0159,true,1,1408066
7290001246108,false,"טאצ' תרסיס מסיר אבנית 750 מ""ל",,,תרסיס מסיר אבנית 750,מיליליטרים,750.00,"100 מ""ל",false,,11.90,0.0159,true,1,1408067
7290001247082,false,מיץ עגבניות רכיבים טבעיים ספרינג 1 ליטר,יפאורה שותפות מובגלת לשיווק,,ספרינג קרטוניות עגבנ,מיליליטרים,1000.00,"100 מ""ל",false,,6.50,0.0065,true,1,1407559
7290001247099,false,קרטונית נקטר ספרינג מנגו 1 ליטר,יפאורה שותפות מובגלת לשיווק,,קרטוניות ספרינג מנגו,מיליליטרים,1000.00,"100 מ""ל",false,,6.80,0.0068,true,1,1407560
7290001247112,false,קרטונית נקטר ספרינג לימונענע 1 ליטר,יפאורה שותפות מובגלת לשיווק,,ספרינג קרטוניות לימו,מיליליטרים,1000.00,"100 מ""ל",false,,6.80,0.0068,true,1,1407562
7290001247129,false,נקטר ספרינג תפוזים קרטונית 1 ל',יפאורה שותפות מובגלת לשיווק,,ספרינג קרטוניות תפוז,מיליליטרים,1000.00,"100 מ""ל",false,,6.80,0.0068,true,1,1407563
7290001247143,false,קרטונית נקטר ספרינג תפוחים 1 ליטר,יפאורה שותפות מובגלת לשיווק,,נקטר תפוחים בקרטון ס,מיליליטרים,1000.00,"100 מ""ל",false,,6.80,0.0068,true,1,1407564
7290001247730,false,"נקטר ספרינג בטעם מנגו פחית 330 מ""ל",יפאורה תבורי בעמ,,ספרינג נקטר מנגו פחי,מיליליטרים,330.00,"100 מ""ל",false,,6.20,0.0188,true,1,1443450
7290001265642,false,"מזון חתולים מעדני פטה 1.2 ק""ג מארז 3 יחידות",קריות זול,,לה קט מולטיפק מעדני,גרמים,1200.00,100 גרם,false,,22.90,0.0191,true,1,1408197
7290001302279,false,אוסם - במבה קלאסי 60 גרם,מיוצר עי קונדיטוריית,,במבה קלאסי 60 גרם,גרמים,60.00,100 גרם,false,,4.30,0.0717,true,1,1407055
7290001333372,true,שניצל מטוגן ארוז קפו,,,שניצל מטוגן ארוז קפו,קילוגרמים,1.00,"ק""ג",true,,39.90,39.9000,true,1,1425209
7290001356579,true,נילוס מעושן פרוס 200,,,נילוס מעושן פרוס 200,יחידה,0.00,יחידה,false,,34.90,0.0000,true,1,1420210
7290001361009,true,טורט קייבסקי,,,טורט קייבסקי,יחידה,0.00,יחידה,false,,64.90,0.0000,true,1,1412516
7290001361092,true,עוגת פיצוץ,,,עוגת פיצוץ,יחידה,0.00,יחידה,false,,34.90,0.0000,true,1,1412523
7290001361863,true,עוגת לה פרופיטרול,,,עוגת לה פרופיטרול,יחידה,0.00,יחידה,false,,66.90,0.0000,true,1,1423964
7290001361894,true,פס טרפל שוקולד,,,פס טרפל שוקולד,יחידה,0.00,יחידה,false,,29.90,0.0000,true,1,1412531
7290001419618,false,וופל בלגי עלמה שחור לבן וניל 200ג',"גילרו בע""מ",,ופלים בסגנון בלגי בט,גרמים,200.00,100 גרם,false,,3.50,0.0175,true,1,1419503
7290001419779,false,"וופל קלאסי בטעם שוקולד ""עלמה"" 200 גרם","גילרו בע""מ",,ופלים בטעם שוקולד על,גרמים,200.00,100 גרם,false,,3.50,0.0175,true,1,1419504
7290001419861,false,חטיף לא מצופה קלאסי,,,חטיף לא מצופה קלאסי,יחידה,0.00,יחידה,false,,1.00,0.0000,true,1,1419505
7290001419892,false,"ופל קלאסי בטעם לימון ""עלמה"" 200 גרם","גילרו בע""מ",,ופלים קלאסיים בטעם ל,גרמים,200.00,100 גרם,false,,3.50,0.0175,true,1,1419506
7290001427132,true,קשת מיץ רימונים 500,,,קשת מיץ רימונים 500,יחידה,0.00,יחידה,false,,0.00,0.0000,true,1,1423254
7290001460160,true,צלי כתף 5 מוכשר פולי,,,צלי כתף 5 מוכשר פולי,קילוגרמים,1.00,"ק""ג",true,,54.90,54.9000,true,1,1423770
7290001468494,true,שעווה למיקרוגל טבעית,,,שעווה למיקרוגל טבעית,יחידה,0.00,יחידה,false,,16.90,0.0000,true,1,1425882
7290001468609,false,סוכר וניל 10*10גר,ר.ס.,,סוכר וניל 10*10גר,גרמים,100.00,100 גרם,false,,2.50,0.0250,true,1,1410261
7290001468623,false,נוזל כלים אלפא 1 ליט,שיאון,,נוזל כלים אלפא 1 ליט,מיליליטרים,1000.00,"100 מ""ל",false,,10.00,0.0100,true,1,1410263
7290001468715,false,אבקת סוכר 100 גרם,ר.ס.,,אבקת סוכר 100גר,גרמים,100.00,100 גרם,false,,2.00,0.0200,true,1,1410267
7290001468883,false,ריבה נאמן שזיף משמש,צור,,ריבה נאמן שזיף משמש,גרמים,820.00,100 גרם,false,,13.90,0.0170,true,1,1410271
7290001491010,false,תה ירוק יסמין ויסוצקי 25 יחידות,תה ויסוצקי,,תה ירוק יסמין ויסוצק,יחידה,25.00,יחידה,false,,24.90,0.9960,true,1,1422671
7290001509357,true,שיפודי פרגית ארוז קפ,,,שיפודי פרגית ארוז קפ,קילוגרמים,1.00,"ק""ג",true,,42.90,42.9000,true,1,1423943
7290001523896,true,מסלסל שיער קרמי TP-2,,,מסלסל שיער קרמי TP-2,יחידה,0.00,יחידה,false,,49.90,0.0000,true,1,1431140
7290001566633,false,תבלין כוסברה 40 גר -,,,כוסברה ירוק,יחידה,1.00,יחידה,false,,7.90,7.9000,true,1,1413088
7290001567708,true,נקניקיות וינר 400 גר,,,"נקניקיות וינר 400 ג""",יחידה,0.00,יחידה,false,,0.00,0.0000,true,1,1423255
7290001584910,true,מעטפות 25,,,מעטפות 25,יחידה,0.00,יחידה,false,,0.00,0.0000,true,1,1423256
7290001591710,false,המבורגר אנגוס טיבון ויל 600 גרם,טיבון ויל,,המבורגר אנגוס טיבון,גרמים,600.00,100 גרם,false,,23.90,0.0398,true,1,1439194
7290001594155,false,"קוקה-קולה בבקבוק אישי 500 מ""ל",החברה המרכזית לייצור משקאות,,"קוקה קולה 500 מ""ל",מיליליטרים,500.00,"100 מ""ל",false,,6.20,0.0124,true,1,1413438
7290001594179,false,"פאנטה אורנג' בבקבוק אישי 500 מ""ל",החברה המרכזית לייצור משקאות,,"פאנטה אורנג' 500 מ""ל",מיליליטרים,500.00,"100 מ""ל",false,,6.20,0.0124,true,1,1413439
7290001594230,false,קינלי סודה בבקבוק זכוכית,החברה המרכזית לייצור,,"קינלי סודה 250 מ""ל",מיליליטרים,250.00,"100 מ""ל",false,,3.90,0.0156,true,1,1413441
7290001594568,false,"בירה בפחית קרלסברג 500 מ""ל",מבשלות בירה בינלאומיות ב,,בירה קרלסברג פחית 50,מיליליטרים,500.00,"100 מ""ל",false,,8.90,0.0178,true,1,1413445
7290001594575,false,"בירה טובורג רד פחית 500 מ""ל",מבשלות בירה בינלאומיות ב,,בירה טובורג פחית 500,מיליליטרים,500.00,"100 מ""ל",false,,9.10,0.0182,true,1,1413446
7290001594858,false,"שישייה בירה טובורג רד בקבוק 330 מ""ל",מבשלות בירה בינלאומיות ב,,טובורג רד שישיה 330,מיליליטרים,1980.00,"100 מ""ל",false,,39.90,0.0202,true,1,1413447
7290001594865,false,"שישייה בירה קרלסברג בקבוק 330 מ""ל",מבשלות בירה בינלאומיות ב,,"קרלסברג שישיה 330 מ""",מיליליטרים,1980.00,"100 מ""ל",false,,41.70,0.0211,true,1,1413448
7290001598085,false,לחם משפחתי עם דגנים מקמח מלא,מאפיית יוסף ברון,,לחם קסטן משפחתי חיטה,גרמים,1000.00,100 גרם,false,,16.90,0.0169,true,1,1420514
7290001598115,false,לחם בריאות מקמח מלא 700 גר,מאפיית יוסף ברון,,לחם חיטה מלאה 700 גר,גרמים,700.00,100 גרם,false,,12.90,0.0184,true,1,1420516
7290001598122,false,לחם מיוחד - צהוב מקמח שיפון וקמח מלא,קונדיטוריית ברון,,לחם מיוחד שיפון עם ח,גרמים,700.00,100 גרם,false,,12.90,0.0184,true,1,1420517
7290001598191,false,לחם קל שיפון מלא מהדרין 700גר,מאפיית יוסף ברון בעמ,,לחם שיפון קל ברון 55,גרמים,550.00,100 גרם,false,,12.90,0.0235,true,1,1420519
7290001598276,false,"לחם 7 דגנים קל מקמח חיטה מלא ללא שמרים 1.1 ק""ג הברון",מאפיית יוסף ברון,,לחם קסטן מחמצת עם דג,גרמים,1000.00,100 גרם,false,,16.90,0.0169,true,1,1420522
7290001598429,false,פרנה מרוקאית 520 גרם,מאפיית יוסף ברון בעמ,,לחם פרנה ברון 520 גר,גרמים,520.00,100 גרם,false,,12.90,0.0248,true,1,1439646
7290001598528,false,לחם כוסמין 100% 450ג' הברון,מאפיית יוסף ברון בעמ,,לחם כוסמין חמשת מיני,גרמים,450.00,100 גרם,false,,16.90,0.0376,true,1,1439649
7290001598580,false,פיתות כוסמין 6יח 99 קלוריות,מאפיית יוסף ברון בעמ,,פיתות כוסמין חמשת מי,גרמים,372.00,100 גרם,false,,16.90,0.0454,true,1,1439651
7290001661314,true,מרלו גלעד,,,מרלו גלעד,יחידה,0.00,יחידה,false,,0.00,0.0000,true,1,1426636
7290001661321,true,מרלו שירז גלעד,,,מרלו שירז גלעד,יחידה,0.00,יחידה,false,,0.00,0.0000,true,1,1426637
7290001661338,true,יין פטיט וורדו גלעד,,,יין פטיט וורדו גלעד,יחידה,0.00,יחידה,false,,0.00,0.0000,true,1,1426638
7290001716168,true,"סכום איכותי 20 יח """,,,"סכום איכותי 20 יח """,יחידה,0.00,יחידה,false,,0.00,0.0000,true,1,1423257
7290001716649,true,"צלחת קטנה 50 יח """,,,"צלחת קטנה 50 יח """,יחידה,0.00,יחידה,false,,0.00,0.0000,true,1,1423258
7290001789742,false,סט 3 קופסאות ריבועיות עם מכסה אדום,,,סט 3 קופסאות ריבועיו,יחידה,1.00,יחידה,false,,9.90,9.9000,true,1,1443666
7290001791349,false,אקונומיקה ריחנית סנו פיסגה 4 ליטר,"סנו מפעלי ברונוס בע""מ",,אקונומיקה ריחנית פיס,מיליליטרים,4000.00,"100 מ""ל",false,,9.90,0.0025,true,1,1410078
7290001873441,false,המבורגר בלאק אנגוס 320 גרם,טיבון ויל אחזקות בעמ,,המבורגר בלק אנגוס 32,גרמים,320.00,100 גרם,false,,24.90,0.0778,true,1,1440345
7290001881873,false,"מאמא מרי כרוב עם חמוציות 1 ק""ג",מאמא מרי,,כרוב כבוש עם חמוציות,גרמים,750.00,100 גרם,false,,16.90,0.0225,true,1,1420283
7290001892060,false,לחם שיפון קל דל קלור,מאפיית פולנסקי,,לחם שיפון קל דל קלור,גרמים,700.00,100 גרם,false,,12.90,0.0184,true,1,1419594
7290001892077,false,לחם שיפון בריאות/רוס,מאפיית פולנסקי,,לחם בריאות סובין 700,גרמים,700.00,100 גרם,false,,12.90,0.0184,true,1,1419595
7290001892084,false,לחם חיטה נבוטה 700 ג,מאפיית פולנסקי,,לחם חיטה נבוטה,גרמים,700.00,100 גרם,false,,12.90,0.0184,true,1,1419596
7290001946121,false,פפריקה מרוקאית מתוקה תבליני ביטון 400 גרם,"דין שיווק וקלייה בע""",,פפריקה מתוקה 400 גר',גרמים,400.00,100 גרם,false,,22.90,0.0572,true,1,1436151
7290001990148,false,"סוכר גולדן קלאסי בצנצנת 1 ק""ג סוגת",האי נאם סי או אל.טי.,,סוכר גולדן קלאסי בצנ,קילוגרמים,1.00,"ק""ג",false,,12.90,12.9000,true,1,1406438
7290002008651,true,קמח תפוח אדמה 500,,,קמח תפוח אדמה 500,יחידה,0.00,יחידה,false,,5.00,0.0000,true,1,1423556
7290002019787,false,רוטב עגבניות מרוכז מאוד 260 גרם פריניר,פריניר ( הדס 1987) ב,,פריניר רוטב עגבניות,גרמים,260.00,100 גרם,false,,3.90,0.0150,true,1,1413177
7290002019794,false,רוטב עגבניות מרוכז מאוד 100 גרם פריניר,פריניר ( הדס 1987) ב,,רסק עגבניות פריניר 1,גרמים,100.00,100 גרם,false,,1.90,0.0190,true,1,1413178
7290002022152,false,מרשמלו ורוד לבן וסטהיים 100ג36X שקיות בקרטון,כרמית תעשיות ממתקים,,מרשמלו מושי 100 גרם,גרמים,100.00,100 גרם,false,,3.90,0.0390,true,1,1407938
7290002043218,false,אקסטרה צ'יפס אורז חום מלא מלח 60 גרם,נוהלס ג'\י אס סי.,,ציפס אורז חום מלא מל,גרמים,60.00,100 גרם,false,,7.20,0.1200,true,1,1433752
7290002050025,true,פירורי לחם מוזהבים1,,,פירורי לחם מוזהבים1,יחידה,0.00,יחידה,false,,0.00,0.0000,true,1,1423259
7290002057017,false,זיתים נובו ענק A2 יבנה 330ג',שיוך למחסן 17,,זיתים נובו ענק יבנה,גרמים,540.00,100 גרם,false,,9.90,0.0183,true,1,1432689
7290002057031,false,זיתים מבוקעים פיקנטי קבוצת יבנה 340 גרם,קבוצת יבנה,,זיתים מבוקעים פיקנטי,גרמים,560.00,100 גרם,false,,8.90,0.0159,true,1,1432690
7290002057123,false,זיתים ירוקים מנזנילו קבוצת יבנה 560 גרם,קבוצת יבנה,,זית חרוזית ירוק 275,גרמים,275.00,100 גרם,false,,9.50,0.0345,true,1,1413180
7290002057185,false,טבעות זיתים ירוקים קבוצת יבנה 275 גרם,קבוצת יבנה,,טבעות זיתים ירוקים ‏,גרמים,275.00,100 גרם,false,,9.90,0.0360,true,1,1413182
7290002057369,false,מלפפונים במלח ‏12‏-‏10‏ קבוצת יבנה 320 גרם,קבוצת יבנה,,מלפפון קטן במלח 540,גרמים,540.00,100 גרם,false,,7.90,0.0146,true,1,1413186
7290002057376,false,מלפפונים במלח ‏17‏-‏13‏ קבוצת יבנה 320 גרם,קבוצת יבנה,,מלפפון קטן במלח 540,גרמים,540.00,100 גרם,false,,9.90,0.0183,true,1,1413187
7290002057383,false,מלפפונים במלח ‏25‏-‏18‏ קבוצת יבנה 320 גרם,קבוצת יבנה,,מלפפון קטן במלח 18-2,גרמים,540.00,100 גרם,false,,12.90,0.0239,true,1,1413188
7290002057468,false,מלפפון יבנה בחומץ בינוניים 10-12 290 גרם,קבוצת יבנה,,מלפפון בחומץ 10-12 י,גרמים,290.00,100 גרם,false,,7.90,0.0272,true,1,1413190
7290002057475,false,מלפפונים בחומץ ‏17‏-‏13 קבוצת יבנה 290 גרם,קבוצת יבנה,,מלפפון קטן בחומץ 13-,גרמים,560.00,100 גרם,false,,9.90,0.0177,true,1,1413191
7290002057482,false,מלפפונים קטנים בחומץ קבוצת יבנה 560 גרם,קבוצת יבנה,,מלפפון בחומץ 18-25 -,גרמים,560.00,100 גרם,false,,12.90,0.0230,true,1,1413192
7290002057604,false,פלפל חריף שיפקה קבוצת יבנה 225 גרם.,קבוצת יבנה,,פלפל חריף שיפקה 225,גרמים,225.00,100 גרם,false,,5.50,0.0244,true,1,1413193
7290002057628,false,טבעות זיתים מושחר קבוצת יבנה 275 גרם,קבוצת יבנה,,זיתים מושחרים טבעות,גרמים,540.00,100 גרם,false,,9.90,0.0183,true,1,1432692
7290002057734,false,זיתים חרוזית מושחר קבוצת יבנה 275 גרם,קבוצת יבנה,,זיתים מושחרים ללא גל,גרמים,540.00,100 גרם,false,,8.90,0.0165,true,1,1432693
7290002065555,false,שישיית לחמנייה הכי רכה בהפסקה אנג'ל 450 גרם,מאפיית שלמה א. אנג'\ל בע,,הלחמניה - לחמניות רכ,יחידה,6.00,יחידה,false,,11.90,1.9833,true,1,1406758
7290002065555,false,שישיית לחמנייה הכי רכה בהפסקה אנג'ל 450 גרם,מאפיית שלמה א. אנג'\ל בע,,הלחמניה - לחמניות רכ,יחידה,6.00,יחידה,false,,11.90,1.9833,true,1,1422666
7290002065616,false,לחם שיפון גרעינים פרוס אחדות 750 גרם,מאפיית שלמה א. אנג'\ל בע,,לחם שיפון גרעינים פר,גרמים,750.00,100 גרם,false,,12.90,0.0172,true,1,1406759
7290002075561,false,סוכ' פיז אבקה בטעם פ,,,סוכ' פיז אבקה בטעם פ,יחידה,1.00,יחידה,false,,1.50,1.5000,true,1,1414443
7290002079033,false,לחם דגנים לייט פרוס 500 גרם,מאפיית דוידוביץ ובניו בע,,לחם דגנים לייט 500 ג,גרמים,500.00,100 גרם,false,,12.90,0.0258,true,1,1417488
7290002079477,false,לחם אחיד פרוס דוידוב,מאפיית דוידוביץ ובניו בע,,לחם אחיד פרוס 750 גר,גרמים,750.00,100 גרם,false,,6.90,0.0092,true,1,1417485
7290002079477,false,לחם אחיד פרוס דוידוב,מאפיית דוידוביץ ובניו בע,,לחם אחיד פרוס 750 גר,גרמים,750.00,100 גרם,false,,6.90,0.0092,true,1,1417495
7290002079996,false,לחם אחיד קל פרוס 750 גרם,מאפיית דוידוביץ ובני,,לחם אחיד קל פרוס 750,גרמים,750.00,100 גרם,false,,11.90,0.0159,true,1,1417499
7290002105183,false,צלי כתף 5 בקר קפוא מחפוד,,,צלי כתף 5 בקר קפוא מ,קילוגרמים,1.00,"ק""ג",true,,106.90,106.9000,true,1,1428801
7290002105671,false,טחון עוף 500 גר' קפוא מחפוד,עוף ירושלים,,עוף טחון מחפוד 500 ג,גרמים,500.00,100 גרם,false,,12.90,0.0258,true,1,1429339
7290002105749,false,"טחון בקר 100% קפוא 1 ק""ג גאלט מחפוד",עוף ירושלים,,"טחון בקר נקי 1 ק""ג ק",גרמים,1000.00,100 גרם,false,,45.90,0.0459,true,1,1442131
7290002105756,false,טחון בקר בתוספת חלבון מן הצומח מחפוד,עוף ירושלים,,"טחון בקר 1 ק""ג מחפוד",גרמים,1000.00,100 גרם,false,,39.90,0.0399,true,1,1429243
7290002128205,false,נרות לא נוטפים 45יח-מנורה,,,נרות חנוכה לוקס 45 י,יחידה,45.00,יחידה,false,,6.90,0.1533,true,1,1413196
7290002130567,false,דבש דבורים טהור פרחי בר יד מרדכי 350 גרם,מכוורת יד מרדכי שטראוס ב,,דבש טהור יד מרדכי 35,גרמים,350.00,100 גרם,false,,18.90,0.0540,true,1,1416470
7290002150848,true,"אגרול סיני 400 ג """,,,"אגרול סיני 400 ג """,יחידה,0.00,יחידה,false,,0.00,0.0000,true,1,1423398
7290002157960,false,רביעיית טונה במים ויליגר 140 גרם,ויליגר,,רביעיית טונה במים 56,גרמים,560.00,100 גרם,false,,19.90,0.0355,true,1,1440357
7290002190516,false,"ריבת חלב גלעם-קומידה 500ג' 12X-כשל""פ",אשבל מזון פונקציונלי בע\,,ממרח ריבת חלב קומידה,גרמים,500.00,100 גרם,false,,13.90,0.0278,true,1,1407774
7290002277248,false,גבינת מון בלאן עם זעתר 120ג',שלושת האופים,,מון בלאן עם זעתר 120,גרמים,120.00,100 גרם,false,,11.40,0.0950,true,1,1408995
7290002277927,false,מעדניה - פילה אמנון,,,מעדניה - פילה אמנון,קילוגרמים,1.00,"ק""ג",true,,30.90,30.9000,true,1,1432112
7290002278528,false,כריות ניקוי שבתכלין ביאנקו שייני 2 יחידות,מ.א ייצור ושיווק מטל,,שבת כלין,יחידה,2.00,יחידה,false,,8.60,4.3000,true,1,1415071
7290002279211,false,חלה מתוקה ארוזה אלומ,,,חלה מתוקה ארוזה אלומ,גרמים,500.00,100 גרם,false,,10.90,0.0218,true,1,1417500
7290002281382,false,נתח סלמון נורווגי 100 % דלידג,דלידג,,מעדניה - נתחי פילה ס,קילוגרמים,1.00,"ק""ג",true,,89.90,89.9000,true,1,1438147
7290002281382,false,נתח סלמון נורווגי 100 % דלידג,דלידג,,מעדניה - נתחי פילה ס,קילוגרמים,1.00,"ק""ג",true,,89.90,89.9000,true,1,1408997
7290002281436,false,סטייק דג טונה בהירה קפוא ללא עור,בין דין פישרי ויאטנם,,סטייק טונה בהירה,קילוגרמים,1.00,"ק""ג",true,,54.90,54.9000,true,1,1427657
7290002317128,true,מלפפונים במלח 10-12,,,מלפפונים במלח 10-12,יחידה,0.00,יחידה,false,,0.00,0.0000,true,1,1423260
7290002317388,true,ירקות מעורבים בדלי מ,,,ירקות מעורבים בדלי מ,יחידה,0.00,יחידה,false,,26.90,0.0000,true,1,1423991
7290002319184,true,"עדשים אדומים 500 גר""",,,"עדשים אדומים 500 גר""",יחידה,0.00,יחידה,false,,0.00,0.0000,true,1,1423515
7290002320258,true,קונפיטורת שזיפים ובר,,,קונפיטורת שזיפים ובר,יחידה,0.00,יחידה,false,,19.90,0.0000,true,1,1425731
7290002321750,false,"פילה אמנון קפוא בד""ץ מאסטר פוד",,,מעדניה - פילה אמנון,קילוגרמים,1.00,"ק""ג",true,,30.90,30.9000,true,1,1432113
7290002327059,false,"בצק עלים 1 ק""ג שלושת האופים קהילות",שלושת האופים,,בצק עלים מרודד שלושת,גרמים,1000.00,100 גרם,false,,21.90,0.0219,true,1,1409000
7290002327066,false,קונכיות בצק למילוי 625 גרם שלושת האופים,שלושת האופים,,קונכיות למילוי שלושת,גרמים,625.00,100 גרם,false,,19.90,0.0318,true,1,1437603
7290002327073,false,בורקס גבינה 800 גר' שלושת האופים קהילות,שלושת האופים,,בורקס גבינה שלושת הא,גרמים,800.00,100 גרם,false,,21.90,0.0274,true,1,1409001
7290002327677,true,בורקס גבינה 800 גר',,,בורקס גבינה 800 גר',יחידה,0.00,יחידה,false,,18.90,0.0000,true,1,1427320
7290002331018,false,"נביעות מים עם פקק ספורט 500מ""ל",נביעות טבע הגליל בעמ,,מים מינרלים נביעות 5,מיליליטרים,500.00,"100 מ""ל",false,,3.90,0.0078,true,1,1413449
7290002331025,false,"מים מינרלים נביעות ספורט 500 מ""ל פקדון",נביעות טבע הגליל בעמ,,נביעות TO GO 500,מיליליטרים,500.00,"100 מ""ל",false,,3.90,0.0078,true,1,1413450
7290002331094,false,"מים מינרליים GO TO נביעות 755 מ""ל",נביעות טבע הגליל בעמ,,"נביעות 755 מ""ל",מיליליטרים,755.00,"100 מ""ל",false,,6.50,0.0086,true,1,1413451
7290002331421,false,"שישיית מים מינרליים GO TO נביעות 755 מ""ל",נביעות טבע הגליל בעמ,,נביעות מיניונים 755,יחידה,6.00,יחידה,false,,19.40,3.2333,true,1,1413460
7290002331483,false,"שישיית נביעות אישי בייבי 320 מ""ל",נביעות טבע הגליל בעמ,,מים מינרלים נביעות 6,מיליליטרים,1920.00,"100 מ""ל",false,,15.70,0.0082,true,1,1413461
7290002331490,false,מים מינרליים נביעות 1 ליטר,נביעות טבע הגליל בעמ,,נביעות 1 ליטר,מיליליטרים,1000.00,"100 מ""ל",false,,3.60,0.0036,true,1,1413462
7290002341383,false,צלי כתף מס' 5,,,צלי כתף מס' 5,קילוגרמים,1.00,"ק""ג",true,,89.90,89.9000,true,1,1431802
7290002345015,false,סינטה דק דק אל גאוצ'ו 250ג' מינוט,"טיבון ויל אחזקות בע""\מ",,סינטה דקדק 250 גרם,גרמים,250.00,100 גרם,false,,27.90,0.1116,true,1,1409004
7290002345022,false,אנטריקוט דק דק מינוט סטייק אל גאוצ'ו 250 גרם,"טיבון ויל אחזקות בע""\מ",,אנטריקוט דק דק מינוט,גרמים,250.00,100 גרם,false,,22.90,0.0916,true,1,1409005
7290002345046,false,סטייק אנטירקוט קפוא 300 ג,,,אנטריקוט דק דק 300 ג,גרמים,300.00,100 גרם,false,,29.90,0.0997,true,1,1417185
7290002345077,false,שניצל בקר מינוט אל גאוצ'ו קפוא 250 גר,"טיבון ויל אחזקות בע""\מ",,שניצל מילנסה דקדק אל,גרמים,250.00,100 גרם,false,,18.90,0.0756,true,1,1409006
7290002345121,false,אסאדו דקדק אל גאוצ'ו 250 גרם,"טיבון ויל אחזקות בע""\מ",,אסאדו דקדק 250 גרם,גרמים,250.00,100 גרם,false,,26.90,0.1076,true,1,1434662
7290002345152,false,לימון כבוש 250 גרם רמי לוי,,,סלט לימון כבוש 250 ג,גרמים,250.00,100 גרם,false,,12.90,0.0516,true,1,1427663
7290002345190,false,אריסה חריפה 250 גר רמי לוי,,,אריסה חריפה 250 גרם,גרמים,250.00,100 גרם,false,,12.90,0.0516,true,1,1427665
7290002345275,false,פילה דג סלמון מעושן 100 גר,,,סלמון מעושן 100 גרם,גרמים,100.00,100 גרם,false,,19.90,0.1990,true,1,1417186
7290002345282,false,נתחי פילה סלמון קפוא דלידג,דלידג,,נתחי סלמון דלידג,קילוגרמים,1.00,"ק""ג",true,,89.90,89.9000,true,1,1409007
7290002345435,false,פילה מרלוזה ארגנטינאיתקפ,דלידג - נטו,,פילה מרלוזה ארגנטינא,קילוגרמים,1.00,"ק""ג",true,,29.90,29.9000,true,1,1434897
7290002349044,false,ספוג הקסם שלישייה-רמ,,,ספוג הקסם שלישייה-רמ,יחידה,3.00,יחידה,false,,8.90,2.9667,true,1,1434886
7290002371540,false,דקניקים קורנדביף ללא גלוטן טירת צבי 120 גרם,הנסיך- מפעל לייצור ט,,קורנדביף 120 גרם טיר,גרמים,120.00,100 גרם,false,,13.90,0.1158,true,1,1411772
7290002371939,false,סרוולד בסגנון צרפתי דליקטיב 120 גרם,הנסיך- מפעל לייצור ט,,סרוולד צרפתי מ.ק. 12,גרמים,120.00,100 גרם,false,,23.90,0.1992,true,1,1411773
7290002381808,false,נר נשמה שלהבת 24 שעות,,,נר נשמה 24 שעות,יחידה,1.00,יחידה,false,,1.90,1.9000,true,1,1443496
7290002404491,true,"מיץ תירוש"" כרמים """,,,"מיץ תירוש"" כרמים """,יחידה,0.00,יחידה,false,,0.00,0.0000,true,1,1423261
7290002421559,true,רוקפור % 35,,,רוקפור % 35,יחידה,0.00,יחידה,false,,0.00,0.0000,true,1,1423481
7290002488057,false,"תמר מגהול פרימיום 2 ק""",,,תמר מגהול פרימיום 2,קילוגרמים,2.00,"ק""ג",false,,44.90,22.4500,true,1,1429278
7290002502173,true,"בונז""ור שליש באגט90",,,"בונז""ור שליש באגט90",יחידה,0.00,יחידה,false,,0.00,0.0000,true,1,1423427
7290002502630,true,"בונז""ור סופגניות120",,,"בונז""ור סופגניות120",יחידה,0.00,יחידה,false,,0.00,0.0000,true,1,1423428
7290002507604,false,פיצה שגב השף מאיטליה 350 גרם,האי נאם סי או אל.טי.,,פיצת השף שגב 320 גרם,גרמים,320.00,100 גרם,false,,16.90,0.0528,true,1,1409025
7290002511229,false,בולגרית מעודנת 16% במשקל,"מחלבת המושבה בע""מ",,מעדניה-בולגרית חלקה,קילוגרמים,1.00,"ק""ג",true,,38.90,38.9000,true,1,1417161
7290002511236,false,בולגרית מעודנת5% במשקל,"מחלבת המושבה בע""מ",,מעדניה-בולגרית חלקה,קילוגרמים,1.00,"ק""ג",true,,38.90,38.9000,true,1,1417162
7290002511243,false,בולגרית מסורתית 16% משקל,"מחלבת המושבה בע""מ",,מעדניה-בולגרית מסורת,קילוגרמים,1.00,"ק""ג",true,,39.00,39.0000,true,1,1417163
7290002543176,true,קלוגס וראייטי מארז8,,,קלוגס וראייטי מארז8,יחידה,0.00,יחידה,false,,0.00,0.0000,true,1,1423263
7290002579533,false,צימרונים מעץ בשקית,חביב,,צימרונים מעץ בשקית,יח',1.00,יח',false,,1.50,1.5000,true,1,1410247
7290002596677,false,מעדניה - פילה אמנון,,,מעדניה - פילה אמנון,קילוגרמים,1.00,"ק""ג",true,,30.90,30.9000,true,1,1432743
7290002599029,false,תבליני יונה פפריקה מתוקה בשמן 80ג,תבליני יונה,,תבליני יונה טעמים שו,יחידה,1.00,יחידה,false,,4.50,4.5000,true,1,1420267
7290002599036,false,פלפל לבן/שחור 50גר,תבליני יונה,,פלפל שחור גרוס,יחידה,1.00,יחידה,false,,4.50,4.5000,true,1,1420268
7290002599081,false,תבליני יונה תבלינים,תבליני יונה,,תבליני יונה -עלי דפנ,יחידה,1.00,יחידה,false,,4.50,4.5000,true,1,1420269
7290002599104,false,תבליני יונה תבלינים שונים.,תבליני יונה,,תבליני יונה -קוסברה/,יחידה,1.00,יחידה,false,,4.50,4.5000,true,1,1420270
7290002599197,false,תבליני יונה פלפל שחור שלם 50גר,תבליני יונה,,"פלפל שחור+ לבן50 ג """,יחידה,1.00,יחידה,false,,4.50,4.5000,true,1,1420271
7290002599364,true,"כשל""פ - תבליני יונה",,,"כשל""פ - תבליני יונה",יחידה,0.00,יחידה,false,,7.90,0.0000,true,1,1428894
7290002599371,true,"כשל""פ - תבליני יונה",,,"כשל""פ - תבליני יונה",יחידה,0.00,יחידה,false,,7.90,0.0000,true,1,1425556
7290002599418,true,"כשל""פ - תבליני יונה",,,"כשל""פ - תבליני יונה",יחידה,0.00,יחידה,false,,7.90,0.0000,true,1,1427323
7290002603764,false,כיסוני תפוא 600 גר רמי לוי,,,קרפלאך תפוא 600 גרם,גרמים,600.00,100 גרם,false,,11.90,0.0198,true,1,1428243
7290002603771,false,פלמני כיסוני בשר 600 גר רמי לוי,,,קרפלאך בשר 600 גרם ר,גרמים,600.00,100 גרם,false,,11.90,0.0198,true,1,1428236
7290002603801,false,קובה למרק 600 גר רמי לוי,,,קובה למרק 600 גרםרמי,גרמים,600.00,100 גרם,false,,11.90,0.0198,true,1,1427668
7290002603863,false,אמפנדס בשר 600 גר רמי לוי,,,אמפנדס בשר 600 גרם ר,גרמים,600.00,100 גרם,false,,11.90,0.0198,true,1,1428238
7290002603887,false,קובה מטוגן 600 גר רמי לוי,,,קובה בשר 600 גרם רמי,גרמים,600.00,100 גרם,false,,11.90,0.0198,true,1,1428239
7290002603900,false,פלאפל 500 גר רמי לוי,,,כדורי פלאפל 600 גרם,גרמים,600.00,100 גרם,false,,11.90,0.0198,true,1,1428240
7290002603917,false,מאפה עלים למילוי 500 גר רמי לוי,,,עלים למילוי סיגר 600,גרמים,600.00,100 גרם,false,,11.90,0.0198,true,1,1428250
7290002603931,false,מאפה פסטל בשר 600 גר רמי לוי,,,פסטל בשר 600 גרם רמי,גרמים,600.00,100 גרם,false,,11.90,0.0198,true,1,1428242
7290002603948,false,"מאפה פסטל תפו""א 600 גר רמי לוי",,,פסטל תפוא 600 גרם רמ,גרמים,600.00,100 גרם,false,,11.90,0.0198,true,1,1427669
7290002603955,false,מאפה סיגר בשר 600 גר רמי לוי,,,סיגרים בשר 600 גרם ר,גרמים,600.00,100 גרם,false,,11.90,0.0198,true,1,1427670
7290002603962,false,"מאפה סיגר תפו""א 600 גר רמי לוי",,,סיגרים תפוא 600 גרם,גרמים,600.00,100 גרם,false,,11.90,0.0198,true,1,1427671
7290002603986,false,פיצה מרגריטה זוג 640 גרם רמי לוי,,,פיצה מרגריטה רמי לוי,גרמים,640.00,100 גרם,false,,20.90,0.0327,true,1,1440912
7290002610168,false,עוף מס 2 קפוא חתם סופר,,,עוף מס' 2 קפוא חתם ס,קילוגרמים,1.00,"ק""ג",true,,19.90,19.9000,true,1,1428327
7290002610175,false,כרעיים עוף ארוז קפוא חתם סופר,,,כרעיים עוף ארוז קפוא,קילוגרמים,1.00,"ק""ג",true,,24.90,24.9000,true,1,1428328
7290002610182,false,חזה עוף קפוא ארוז חתם סופר,,,חזה עוף ארוז קפוא חת,קילוגרמים,1.00,"ק""ג",true,,23.90,23.9000,true,1,1428329
7290002610199,false,כנפיים עוף קפוא ארוז חתם סופר,,,כנפיים עוף ארוז קפוא,קילוגרמים,1.00,"ק""ג",true,,7.90,7.9000,true,1,1428330
7290002610205,false,שוקיים עוף קפוא ארוז חתם סופר,,,שוקיים עוף ארוז קפוא,קילוגרמים,1.00,"ק""ג",true,,23.90,23.9000,true,1,1428331
7290002610212,false,ירכיים עוף ארוז קפוא חתם סופר,,,ירכיים עוף ארוז קפוא,קילוגרמים,1.00,"ק""ג",true,,21.90,21.9000,true,1,1428332
7290002610229,false,פרגיות עוף קפוא ארוז חתם סופר,,,פרגיות עוף ארוז קפוא,קילוגרמים,1.00,"ק""ג",true,,49.90,49.9000,true,1,1428333
7290002610236,false,שניצל עוף פרוס ארוז קפוא חתם סופר,,,שניצל עוף פרוס ארוז,קילוגרמים,1.00,"ק""ג",true,,26.90,26.9000,true,1,1428334
7290002610250,false,כבד עוף קפוא ארוז חתם סופר,,,כבד עוף ארוז קפוא חת,קילוגרמים,1.00,"ק""ג",true,,9.90,9.9000,true,1,1427650
7290002610410,false,כרעיים עוף טרי ארוז חתם סופר,,,כרעיים טרי ארוז חתם,קילוגרמים,1.00,"ק""ג",true,,24.90,24.9000,true,1,1431864
7290002610441,false,שוקיים עוף טרי ארוז חתם סופר,,,שוקיים טרי ארוז חתם,קילוגרמים,1.00,"ק""ג",true,,34.90,34.9000,true,1,1431867
7290002621973,true,פילה נסיכת הנילוס 30,,,פילה נסיכת הנילוס 30,קילוגרמים,1.00,"ק""ג",true,,28.90,28.9000,true,1,1423771
7290002627616,false,מעדניה - פילה אמנון,מאומינג שינזו סאיפוד,,מעדניה - פילה אמנון,קילוגרמים,1.00,"ק""ג",true,,30.90,30.9000,true,1,1432901
7290002627623,false,מעדניה - פילה אמנון,דלידג,,מעדניה - פילה אמנון,קילוגרמים,1.00,"ק""ג",true,,30.90,30.9000,true,1,1433215
7290002657866,false,"פילה אמנון""דלידג מהדרין",גואנדונג יוג'יה סיפו,,מעדניה - פילה אמנון,קילוגרמים,1.00,"ק""ג",true,,30.90,30.9000,true,1,1429362
7290002657866,true,מעדניה - פילה אמנון,,,מעדניה - פילה אמנון,קילוגרמים,1.00,"ק""ג",true,,29.90,29.9000,true,1,1432900
7290002661481,true,פירורי לחם בתיבול ים,,,פירורי לחם בתיבול ים,יחידה,0.00,יחידה,false,,5.50,0.0000,true,1,1425708
7290002692478,false,"שמן זית כתית מעולה קלאסי מעודן 750 מ""ל עץ הזית","מרקאולאו, ספרד.אבסה,",,שמן זית כתית מעולה מ,מיליליטרים,750.00,"100 מ""ל",false,,32.80,0.0437,true,1,1417558
7290002692553,true,זיתולה 750מל',,,זיתולה 750מל',יחידה,0.00,יחידה,false,,11.90,0.0000,true,1,1414559
7290002706960,false,פילה ברבוניה קפוא 400גרם,נטו מלינדה,,פילה דג בינתן לא מעו,גרמים,400.00,100 גרם,false,,26.90,0.0672,true,1,1441232
7290002730262,false,"נוזל לניקוי כלים קלאסי פלמוליב 750 מ""ל",יבואן ומשווק: ש. שסט,,נוזל כלים 18% קלאסי,מיליליטרים,750.00,"100 מ""ל",false,,11.90,0.0159,true,1,1414185
7290002730538,false,פדיות להסרת איפור בלונס 80 יחידות,הנסיך- מפעל לייצור ט,,בלונס מסיר איפור 80,יחידה,80.00,יחידה,false,,7.90,0.0988,true,1,1414187
7290002730675,false,"קולגייט משחת שיניים אדומה משפחתי 100 מ""ל",קולגייט-פלמוליב,,קולגייט משחה אדומה מ,מיליליטרים,100.00,"100 מ""ל",false,,10.90,0.1090,true,1,1414189
7290002730811,false,"משחת שיניים ג'ל פסים מרעננים קולגייט 100 מ""ל",הנסיך- מפעל לייצור ט,,קולגייט אדומה ג'ל פס,מיליליטרים,100.00,"100 מ""ל",false,,11.90,0.1190,true,1,1414190
7290002730941,false,כדורי צמר גפן בלונס 100 יחידות,הנסיך- מפעל לייצור ט,,בלונס צמר גפן 100 גר,גרמים,100.00,100 גרם,false,,6.50,0.0650,true,1,1414192
7290002730958,false,סבון מוצק בניחוח זיתים ואלוורה פלמוליב 4*100 גרם,הנסיך- מפעל לייצור ט,,סבון רחצה מוצק זיתים,גרמים,360.00,100 גרם,false,,16.90,0.0469,true,1,1414193
7290002735113,true,בורקס גבינה,,,בורקס גבינה,יחידה,0.00,יחידה,false,,19.90,0.0000,true,1,1426024
7290002735205,true,בורקס פיצביס,,,בורקס פיצביס,יחידה,0.00,יחידה,false,,20.90,0.0000,true,1,1423982
7290002735816,false,גחנון רמי לוי 750 גרם,ינון,,רמי לוי ג'חנון 750 ג,גרמים,750.00,100 גרם,false,,12.90,0.0172,true,1,1413821
7290002735823,false,מלווח רמי לוי 700 גרם,ינון,,מלווח רמי לוי 700 גר,גרמים,700.00,100 גרם,false,,12.90,0.0184,true,1,1413822
7290002735847,false,בורקס גבינה רמי לוי 800 גרם,ינון,,רמי לוי בורקס גבינה,גרמים,800.00,100 גרם,false,,13.90,0.0174,true,1,1413824
7290002735854,false,גחנון אפוי רמי לוי 600 גרם,ינון,,רמי לוי ג'חנון אפוי,גרמים,600.00,100 גרם,false,,12.90,0.0215,true,1,1413825
7290002752332,false,"סוכריות מנטוס פירות בגליל, 37.5 גרם",הדקלאים אגודת שיתופי,,סוכריות בגליל בטעם פ,גרמים,37.50,100 גרם,false,,3.50,0.0933,true,1,1412164
7290002752349,false,סוכריות מנטוס מנטה 40יח' בגליל 38ג',פרפטי ואן מלה,,סוכריות בגליל בטעם מ,גרמים,37.50,100 גרם,false,,3.50,0.0933,true,1,1423626
7290002752493,false,סוכריות טיק טק מנטה רביעיה 64 גרם,פררו - אלבה,,טיק טק מנטה רביעייה,יחידה,4.00,יחידה,false,,9.90,2.4750,true,1,1433760
7290002753223,false,רביעייה סוכריות תפוז 4*16 ג' טיק טק,פררו - אלבה,,טיק טק תפוז 4 רביעיי,יחידה,4.00,יחידה,false,,9.90,2.4750,true,1,1433761
7290002757665,false,קבב מזרחי טיבון ויל 400 ג',טיבון ויל,,קבב מזרחי טיבון ויל,גרמים,400.00,100 גרם,false,,9.90,0.0248,true,1,1409038
7290002757672,false,המבורגר מזרחי טיבון ויל 400ג',טיבון ויל,,המבורגר 400 גרם,גרמים,400.00,100 גרם,false,,9.90,0.0248,true,1,1409039
7290002782131,false,"פנינה רוזנבלום - דאודורנט ספריי לאישה מס' 1 150 מ""ל",ביסקול תמרוקים,,דאודורנט מס' 1 150 מ,מיליליטרים,150.00,"100 מ""ל",false,,24.90,0.1660,true,1,1410431
7290002782759,false,"פנינה קרם גוף רוזנבלום 400 מ""ל",פנינה רוזנבלום,,"קרם גוף 2 340 מ""ל פנ",מיליליטרים,340.00,"100 מ""ל",false,,23.90,0.0703,true,1,1410432
7290002793311,false,שירות והחלפה מילוי גז 60 סודהסטרים,סודה סטרים,,שירות והחלפה מילוי ג,יחידה,1.00,יחידה,false,,48.90,48.9000,true,1,1429378
7290002808046,true,ממרח מרשמלו וניל 213,,,ממרח מרשמלו וניל 213,יחידה,0.00,יחידה,false,,12.00,0.0000,true,1,1414549
7290002824183,false,"גבינה לבנה סקי 500 גרם 5% ""שטראוס"" -מוצר בפיקוח",מיוצר עי קונדיטוריית,,גבינה לבנה סקי 5% 50,גרמים,500.00,100 גרם,false,,9.95,0.0199,true,1,1405600
7290002824466,false,יוגורט דנונה ביו לבן 0% שומן 200 גרם,"שטראוס בריאות בע""\מ",,דנונה ביו 0% 200 גרם,גרמים,200.00,100 גרם,false,,3.70,0.0185,true,1,1405601
7290002824640,false,"גבינת סקי 250 גרם 5% ""שטראוס"" -מוצר בפיקוח",מיוצר עי קונדיטוריית,,גבינה לבנה סקי 5% שט,גרמים,250.00,100 גרם,false,,4.98,0.0199,true,1,1405602
7290002825722,false,סלט כרוב אדום אחלה 500 גרם,מיוצר עי קונדיטוריית,,כרוב סגול במיונז 500,גרמים,575.00,100 גרם,false,,12.90,0.0224,true,1,1405603
7290002868996,false,"קוטג' 5% שומן, רכיבים טבעיים, 250 גרם",קריות זול,,גבינת קוטג' מועשר 5%,גרמים,250.00,100 גרם,false,,5.50,0.0220,true,1,1413601
7290002871248,false,"בירה טובורג רד בקבוק 500 מ""ל חוזר",מבשלות בירה בינלאומיות ב,,בירה טובורג 500 מל,מיליליטרים,500.00,"100 מ""ל",false,,9.10,0.0182,true,1,1432738
7290002879633,false,וופל בלגי אמיתי רזיט 550 גרם,אן.וי ביסקוויטרי טיז,,וופל בלגי מאפה מתוק,גרמים,550.00,100 גרם,false,,25.90,0.0471,true,1,1437473
7290002881025,false,מעדן דובדבן חמוץ 100% 284 גרם,קריות זול,,קונפ' סן מורנו דבדבן,גרמים,284.00,100 גרם,false,,10.90,0.0384,true,1,1407776
7290002881216,false,רסק תפוחי עץ לא ממותק תומר 700 גרם,KONSERVENFABRIEK BALTUSSEN,,רסק תפוחי עץ לא ממות,גרמים,720.00,100 גרם,false,,10.90,0.0151,true,1,1407782
7290002881230,false,חתיכות אננס בסירופ קל תומר 850 גרם,"אניס פארם בע""מ",,חתיכות אננס בסירופ ק,יחידה,0.00,יחידה,false,,10.90,0.0000,true,1,1414598
7290002881247,false,פרוסות אננס בסירופ קל תומר 850 גרם,"אניס פארם בע""מ",,פרוסות אננס בסירופ ק,יחידה,0.00,יחידה,false,,10.90,0.0000,true,1,1414599
7290002881261,false,"ליצ'י שלם 565 גרם ""תומר""",גיבונג אינדסקיאלס,,ליצ'י שלמים בסירופ ק,יחידה,0.00,יחידה,false,,10.90,0.0000,true,1,1414600
7290002881421,true,נודלס ירקות תרד ועגב,,,נודלס ירקות תרד ועגב,יחידה,0.00,יחידה,false,,5.00,0.0000,true,1,1423685
7290002881513,false,חמאת בוטנים עם שברי בוטנים 510 ג' תומר,Niza s a,,חמאת בוטנים עם שברי,גרמים,510.00,100 גרם,false,,12.50,0.0245,true,1,1414604
7290002881803,false,שמן קנולה מזוכך 1 ליטר,,,שמן קנולה 1 ליטר תומ,מיליליטרים,1000.00,"100 מ""ל",false,,10.90,0.0109,true,1,1437586
7290002900566,false,פסטרמה ברביקיו דל שומן טירת צבי 400 גרם,הנסיך- מפעל לייצור ט,,פסטרמה ברביקיו דלת-ש,גרמים,360.00,100 גרם,false,,25.90,0.0719,true,1,1411723
7290002909804,true,פילה בקלה ללא עור אר,,,פילה בקלה ללא עור אר,קילוגרמים,1.00,"ק""ג",true,,29.90,29.9000,true,1,1409438
7290002921349,false,לוקטייט סופר גלו 3 - זוגי,יעקובי סופר גלו,,לוקטייט סופר גלו 3 -,גרמים,4.00,100 גרם,false,,13.90,3.4750,true,1,1439117
7290002929499,false,מעדניה - פילה אמנון,,,מעדניה - פילה אמנון,קילוגרמים,1.00,"ק""ג",true,,30.90,30.9000,true,1,1432114
7290002971009,false,"קמח חיטה לבן בהיר שטיבל 1 ק""ג",שטיבל טחנות קמח,,"קמח לבן שטיבל 1 ק""ג",קילוגרמים,1.00,"ק""ג",false,,4.90,4.9000,true,1,1441210
7290002972419,true,קמח חיטה לבן שטיבל 1,,,קמח חיטה לבן שטיבל1,יחידה,0.00,יחידה,false,,5.00,0.0000,true,1,1423048
7290002986041,true,עוג' פריכות בטעם וני,,,עוג' פריכות בטעם וני,יחידה,0.00,יחידה,false,,3.90,0.0000,true,1,1418742
7290002986478,true,עוג' גטניו שקית קינמ,,,עוג' גטניו שקית קינמ,יחידה,0.00,יחידה,false,,3.90,0.0000,true,1,1418743
7290002986652,false,גטניו פתי בר שוקו 470 גרם,"אחים גטניו בע""מ",,גטניו פתי בר שוקו 47,גרמים,470.00,100 גרם,false,,10.90,0.0232,true,1,1413202
7290003001064,false,מעדניה - פילה אמנון,,,מעדניה - פילה אמנון,קילוגרמים,1.00,"ק""ג",true,,30.90,30.9000,true,1,1433678
7290003015634,true,ריצפז פרש פסיפלורה 2,,,ריצפז פרש פסיפלורה 2,מיליליטרים,0.00,"100 מ""ל",false,,18.00,0.0000,true,1,1410084
7290003015641,false,"נוזל רצפות יסמין 2 ליטר ""ריצפז פרש""",סנו ריצפז,,ריצפז פרש יסמין 2 לי,מיליליטרים,2000.00,"100 מ""ל",false,,17.90,0.0089,true,1,1410085
7290003026036,false,"ד""ר פישר - קמיל בלו סנסיטיב אל סבון עדין לתינוק 1 ליטר",פישר מעבדות פרמצבטיות בע,,אל סבון לתינוק סנסיט,מיליליטרים,1000.00,"100 מ""ל",false,,32.90,0.0329,true,1,1417051
7290003029181,false,משקה יטבתה שוקו' בקבוק 1ל מהדרין,שטראוס גרופ,,שוקו בבקבוק 2% יטבתה,מיליליטרים,1000.00,"100 מ""ל",false,,11.50,0.0115,true,1,1405608
7290003029372,false,משקה חלב בטעם בננה יטבתה 1 ליטר,שטראוס גרופ,,משקה חלב בננה 2% בקב,מיליליטרים,1000.00,"100 מ""ל",false,,11.90,0.0119,true,1,1405610
7290003029389,false,"משקה חלב בננה פקק ספורט 250 מ""ל יוטבתה",מחלבת יטבתה,,משקה חלב בננה 2% פקק,מיליליטרים,250.00,"100 מ""ל",false,,5.50,0.0220,true,1,1405611
7290003029433,false,"משקה יטבתה שוקו פקק 250 מ""ל מהדרין",שטראוס גרופ,,שוקו יטבתה 2% פקק יט,גרמים,250.00,100 גרם,false,,5.20,0.0208,true,1,1405612
7290003029532,false,מוקה בבקבוק יטבתה 1 ליטר מהדרין,שטראוס גרופ,,משקה מוקה יטבתה 1 לי,מיליליטרים,1000.00,"100 מ""ל",false,,11.90,0.0119,true,1,1405613
7290003029792,false,"משקה יטבתה שוקו שקיות מהדרין מארז 225X8מ""ל",מחלבת יטבתה,,מארז 8 שקיות שוקו -,יחידה,8.00,יחידה,false,,18.90,2.3625,true,1,1405615
7290003029815,false,כד חלב 3% יטבתה 2 ליטר מהדרין,שטראוס גרופ,,כד 2 ליטר חלב 3%- מה,מיליליטרים,2000.00,"100 מ""ל",false,,14.90,0.0075,true,1,1405616
7290003029907,false,אייס קפה יטבתה 1 ליטר מהדרין,שטראוס גרופ,,אייס קפה 1 ליטר,מיליליטרים,1000.00,"100 מ""ל",false,,11.90,0.0119,true,1,1405618
7290003047642,false,תה שחור יילו לייבל 100*1.5 ג' שקיק ליפטון,"יונילוור רוסייה בע""מ",,תה ליפטון יילו לייבל,גרמים,150.00,100 גרם,false,,11.90,0.0793,true,1,1409691
7290003060009,false,"קמח חיטה לבן בהיר טחנות ישראליות 1 ק""ג",טחנות ישראליות,,קמח חיטה לבן בהיר 1,גרמים,1000.00,100 גרם,false,,4.50,0.0045,true,1,1413203
7290003060023,false,"סולת חיטה 1 ק""ג מטחנות ישראליות",טחנות ישראליות,,"סולת חיטה 1 ק""ג",גרמים,1000.00,100 גרם,false,,5.90,0.0059,true,1,1413204
7290003060030,false,"קמח חיטה מלא רמילוי 1 ק""ג",טחנות ישראליות,,"קמח חיטה מלא 1 ק""ג",גרמים,1000.00,100 גרם,false,,6.90,0.0069,true,1,1413205
7290003060047,false,קמח תופח בשקיות טחנות ישראליות,טחנות ישראליות,,"קמח תופח 1 ק""ג",גרמים,1000.00,100 גרם,false,,6.50,0.0065,true,1,1413206
7290003094127,false,קוויאר פחיות צארסקיה,א.ר.ד.י.ו,,קוויאר צרסקיה 190 גר,גרמים,190.00,100 גרם,false,,68.90,0.3626,true,1,1419171
7290003102044,true,צמרוני אוזניים מעץ8,,,צמרוני אוזניים מעץ8,יחידה,0.00,יחידה,false,,0.00,0.0000,true,1,1423544
7290003102495,true,רביעיית סוללות AAA R,,,רביעיית סוללותR AAA,יחידה,0.00,יחידה,false,,5.00,0.0000,true,1,1423085
7290003102877,true,רביעיית סוללות AA R-,,,רביעיית סוללותR- AA,יחידה,0.00,יחידה,false,,5.00,0.0000,true,1,1423086
7290003126712,false,יוגורט עיזים מחלב מלא 3.7% משק צוריאל 150 גרם,מחלבת משק צוריאל,,יוגורט עיזים טבעי 15,גרמים,150.00,100 גרם,false,,6.70,0.0447,true,1,1413602
7290003133239,true,לחם כפרי קרסטיאנסקי,,,לחם כפרי קרסטיאנסקי,יחידה,0.00,יחידה,false,,0.00,0.0000,true,1,1423376
7290003142477,false,ערמונים קלופים וקלויים 100 גרם,הדקלאים אגודת שיתופי,,ערמונים קלויים 100 ג,גרמים,100.00,100 גרם,false,,5.90,0.0590,true,1,1412320
7290003143382,false,גרדינה פינגרס בצילינדר 50 יח',ליימן מותגים,,ליימן בלון גרדנה מינ,יחידה,50.00,יחידה,false,,1.00,0.0200,true,1,1439612
7290003217014,false,חמישיית פיתות מזרחיות דגנית,יוניליוור גרמניה Gm,,מארז פיתות מזרחיות ח,גרמים,500.00,100 גרם,false,,6.90,0.0138,true,1,1442323
7290003217052,false,חמישיית פיתות כפריות דגנית,יוניליוור גרמניה Gm,,מארז פיתות כפריות מח,גרמים,500.00,100 גרם,false,,6.90,0.0138,true,1,1443509
7290003220380,false,"עוגיות סנדויץ' במילוי קרם שוקולד ""מעדני המלך"" 150 גרם",אחים פפושדו,,מעדני המלך סנדוויץ',גרמים,150.00,100 גרם,false,,3.50,0.0233,true,1,1427889
7290003220397,false,עוגיות סנדוויץ וניל 150 ג' נאפה מעדני מלך,אחים פפושדו,,מעדני המלך סנדוויץ',גרמים,150.00,100 גרם,false,,3.50,0.0233,true,1,1427890
7290003220403,false,מעדני המלך- קרקר מלוח 110 גרם,מגדנית הדר,,קרקר מלח מעדני מלך 1,גרמים,110.00,100 גרם,false,,3.20,0.0291,true,1,1438360
7290003220410,false,"קרקר עם שומשום ""מעדני המלך"" 110 גרם",מגדנית הדר,,קרקר שומשום מעדני מל,גרמים,110.00,100 גרם,false,,3.20,0.0291,true,1,1438361
7290003220434,false,פתי פר מעדני המלך וניל 110 גרם,מגדנית הדר,,פתי בר וניל מעדני מל,גרמים,110.00,100 גרם,false,,2.90,0.0264,true,1,1438362
7290003220441,false,פתי בר מעדני המלך שוקו 110 גרם,מגדנית הדר,,פתי בר שוקו מעדני מל,גרמים,110.00,100 גרם,false,,2.90,0.0264,true,1,1438363
7290003220465,false,מעדני המלך- פתיבר שוקו 500 גרם,מגדנית הדר,,פתי בר שוקו מעדני מל,גרמים,500.00,100 גרם,false,,8.50,0.0170,true,1,1438365
7290003220533,false,"רוטב צ'ילי מתוק ווק 700 מ""ל",תאי פרידה אינדסטרי ב,,רוטב צ'ילי מתוק 700,מיליליטרים,700.00,"100 מ""ל",false,,12.90,0.0184,true,1,1434758
7290003220595,false,"ווק אורז לסושי 1 ק""ג WOK","מיה תעשיות מזון בע""מ",,"ווק אורז לסושי 1 ק""ג",גרמים,1000.00,100 גרם,false,,11.90,0.0119,true,1,1413209
7290003220649,false,שמן שומשום 100% טהור150מ,הו צ'קינג הינג אוי פ,,ווק שמן שומשום 100%,מיליליטרים,150.00,"100 מ""ל",false,,14.50,0.0967,true,1,1413210
7290003220830,false,"WOK חומץ אורז יסמין 500 מ""ל",דיאמונד פריזרוד פודס,,ווק חומץ אורז יסמין,מיליליטרים,500.00,"100 מ""ל",false,,14.90,0.0298,true,1,1413214
7290003222568,false,פיתה המכבים 100 גרם 5 יח',מאפיית המכבים,,פיתה המכבים 100 גרם,יחידה,5.00,יחידה,false,,4.90,0.9800,true,1,1417507
7290003224036,false,אוכמניות כחולות גולוביקה,מאמא מרי,,אוכמניות כחולות מוקפ,גרמים,300.00,100 גרם,false,,16.90,0.0563,true,1,1414654
7290003224128,false,"כיסונים תפו""א 800 ג' מאמא מרי",מאמא מרי,,"כיסונים עם תפ""א קפוא",גרמים,800.00,100 גרם,false,,17.90,0.0224,true,1,1420284
7290003224456,false,"כיסונים בשר סיבירסקי מאמא מרי 1 ק""ג",מאמא מרי,,כיסוני בשר סיבירסקי,גרמים,1000.00,100 גרם,false,,27.90,0.0279,true,1,1420293
7290003224654,false,מיקס פירות יער 380 גרם,מאמא מרי,,מיקס פירות יער מאמא,גרמים,300.00,100 גרם,false,,12.90,0.0430,true,1,1414657
7290003224753,false,פירות יער דמדמניות אדומות 380 גר,מאמא מרי,,דומדמניות אדומות קפו,גרמים,300.00,100 גרם,false,,10.90,0.0363,true,1,1420300
7290003224821,false,כיסונים בשר ביתיים 1,,,כיסוני בשר ביתיים 1,גרמים,1000.00,100 גרם,false,,28.90,0.0289,true,1,1420302
7290003229109,false,פסטרמה הודו בפפריקה טירת צבי 400 גרם,הנסיך- מפעל לייצור ט,,א.מ. פסטר' בפפריקה 4,גרמים,400.00,100 גרם,false,,25.90,0.0647,true,1,1411724
7290003229123,false,פסטרמה הודו על גחלים 2% טירת צבי 400 גרם,הנסיך- מפעל לייצור ט,,פסטרמה הודו על גחלים,גרמים,400.00,100 גרם,false,,25.90,0.0647,true,1,1411776
7290003229192,false,נקניק כתף בקר מעושן 2% טירת צבי 400 גרם,טיב טירת צבי 2000,,נקניק כתף בקר מעושן,גרמים,400.00,100 גרם,false,,34.90,0.0872,true,1,1411778
7290003244331,false,עגבניות חתוכות לקוביות 800 גרם פריניר,פריניר,,עגבניות קוביות 800 ג,גרמים,800.00,100 גרם,false,,7.90,0.0099,true,1,1413217
7290003268252,false,לחם חיטה מלא לילדים 750 ג' דגנית עין בר,דגנית עין בר תעשיות מזון,,לחם חיטה לילדים דגני,גרמים,750.00,100 גרם,false,,13.90,0.0185,true,1,1441199
7290003268429,false,לחם ירוק מקמח מלא 750 ג' דגנית עין בר,דגנית עין בר תעשיות מזון,,לחם ירוק דגנית 750 ג,גרמים,750.00,100 גרם,false,,13.90,0.0185,true,1,1441200
7290003287260,true,צוריטוס קצביה ארוז,,,צוריטוס קצביה ארוז,יחידה,0.00,יחידה,false,,29.90,0.0000,true,1,1409447
7290003287307,true,קבב רומני הקצביה,,,קבב רומני הקצביה,יחידה,0.00,יחידה,false,,29.90,0.0000,true,1,1409450
7290003287956,true,פילה לברק 5-7 בוואקו,,,פילה לברק 5-7 בוואקו,קילוגרמים,1.00,"ק""ג",true,,42.90,42.9000,true,1,1409452
7290003321155,false,יוגורט בר עם פקאן מצופה שוקולד 183 ג' דנונה,"שטראוס בריאות בע""\מ",,דנונה בר פקאן 183 גר,גרמים,183.00,100 גרם,false,,4.30,0.0235,true,1,1405619
7290003329366,true,שריר זרוע 8 חלק,,,שריר זרוע 8 חלק,קילוגרמים,1.00,"ק""ג",true,,30.90,30.9000,true,1,1423773
7290003332007,true,קפה נחלה עם הל 250 ג,,,קפה נחלה עם הל 250 ג,גרמים,0.00,100 גרם,false,,14.90,0.0000,true,1,1416955
7290003332045,true,קפה נחלה בלי הל 250,,,קפה נחלה בלי הל 250,גרמים,0.00,100 גרם,false,,15.90,0.0000,true,1,1416956
7290003380091,true,משקה לימון עם נענע1,,,משקה לימון עם נענע1,יחידה,0.00,יחידה,false,,5.00,0.0000,true,1,1422924
7290003387205,false,ספיד סטיק - דאודורנט סטיק לגבר רגולר,הנסיך- מפעל לייצור ט,,ספיד סטיק בסיסי ירוק,גרמים,63.00,100 גרם,false,,22.90,0.3635,true,1,1414194
7290003427154,false,"שמן זית כתית מעולה טעם מעודן זיתא 750 מ""ל",זיתא תעשיות שמן זיתt\,,שמן זית זייתא כתית מ,מיליליטרים,750.00,"100 מ""ל",false,,32.90,0.0439,true,1,1406667
7290003462056,true,"גיוזה בטטה 400 ג """,,,"גיוזה בטטה 400 ג """,יחידה,0.00,יחידה,false,,0.00,0.0000,true,1,1423399
7290003462063,true,"גיוזה ירקות 400 ג """,,,"גיוזה ירקות 400 ג """,יחידה,0.00,יחידה,false,,0.00,0.0000,true,1,1423400
7290003462902,true,דים סאם אורז עוף400,,,דים סאם אורז עוף400,יחידה,0.00,יחידה,false,,0.00,0.0000,true,1,1423265
7290003462919,true,דים סאם אורז בקר400,,,דים סאם אורז בקר400,יחידה,0.00,יחידה,false,,0.00,0.0000,true,1,1423266
7290003462926,true,דים סאם אורז ירקות4,,,דים סאם אורז ירקות4,יחידה,0.00,יחידה,false,,0.00,0.0000,true,1,1423401
7290003462940,true,"גיוזה עוף 400 ג """,,,"גיוזה עוף 400 ג """,יחידה,0.00,יחידה,false,,0.00,0.0000,true,1,1423267
7290003490110,true,נייר טואלט ליטוף180,,,נייר טואלט ליטוף180,יחידה,0.00,יחידה,false,,0.00,0.0000,true,1,1422926
7290003550753,false,רביעיית טונה בשמן פוסידון 108 גרם,"מיוצר עי וליגר בעמ,",,נתחי טונה בהירה בשמן,גרמים,432.00,100 גרם,false,,19.90,0.0461,true,1,1409054
7290003561025,true,"בונז""ור בייגל רול60",,,"בונז""ור בייגל רול60",יחידה,0.00,יחידה,false,,0.00,0.0000,true,1,1423429
7290003569021,false,כרובית ארוזה יח' רמי לוי,,,כרובית,יח',1.00,יח',false,,9.90,9.9000,true,1,1406416
7290003578108,false,חתיכות אננס בסירופ קל וילי פוד 850 גרם,קריות זול,,אננס חתוך 850 גרם,גרמים,850.00,100 גרם,false,,8.90,0.0105,true,1,1408376
7290003578160,false,נתחי טונה בהירה במי מלח וילי פוד 160 גר,טרופיקל,,נתחי טונה בהירה במים,גרמים,160.00,100 גרם,false,,4.90,0.0306,true,1,1408378
7290003578177,false,תירס צעיר שלם וילי פוד 210 גרם,מגסטיק פוד אידסטרי ק,,תירס גמדי 410 גרם,גרמים,410.00,100 גרם,false,,6.90,0.0168,true,1,1408379
7290003578672,false,ויליפוד שמן חמניות 1 ליטר{בית יוסף},וילי פוד,,שמן חמניות מזוכך ויל,מיליליטרים,1000.00,"100 מ""ל",false,,13.90,0.0139,true,1,1408385
7290003608898,true,משקה תפוזינה דיאט 1.,,,משקה תפוזינה דיאט 1.,יחידה,0.00,יחידה,false,,7.50,0.0000,true,1,1407575
7290003632442,false,מעדניה - פילה אמנון,,,מעדניה - פילה אמנון,קילוגרמים,1.00,"ק""ג",true,,30.90,30.9000,true,1,1433546
7290003643004,false,"סוגת אורז בסמטי קלאסי 1 ק""ג",האי נאם סי או אל.טי.,,אורז בסמטי קלאסי סוג,גרמים,1000.00,100 גרם,false,,12.90,0.0129,true,1,1413218
7290003643387,false,"סוכר לבן בצנצנת 1 ק""ג סוגת",האי נאם סי או אל.טי.,,סוכר לבן בצנצנת סוגת,גרמים,1000.00,100 גרם,false,,7.90,0.0079,true,1,1413219
7290003643646,false,"סוכר דמררה קלאסי בצנצנת סוגת 1 ק""ג",האי נאם סי או אל.טי.,,סוכר דמררה בצנצנת סו,גרמים,1000.00,100 גרם,false,,12.90,0.0129,true,1,1413220
7290003643684,false,אפונה יבשה סוגת 500 גר',האי נאם סי או אל.טי.,,אפונה ירוקה יבשה סוג,גרמים,500.00,100 גרם,false,,6.50,0.0130,true,1,1413221
7290003643707,false,סוגת גריסים 500 גרם,"סוגת תעשיות בע""מ",,גריסים סוגת 500 גרם,גרמים,500.00,100 גרם,false,,5.90,0.0118,true,1,1413222
7290003643714,false,חומוס גרגירים 500 גרם סוגת,האי נאם סי או אל.טי.,,חומוס יבש סוגת 500 ג,גרמים,500.00,100 גרם,false,,6.90,0.0138,true,1,1413223
7290003643738,false,סוגת חיטה 500 גרם,האי נאם סי או אל.טי.,,חיטה סוגת 500 גרם,גרמים,500.00,100 גרם,false,,5.90,0.0118,true,1,1413224
7290003643745,false,כוסמת 500 גרם סוגת,האי נאם סי או אל.טי.,,כוסמת סוגת 500 גרם,גרמים,500.00,100 גרם,false,,7.90,0.0158,true,1,1413225
7290003643752,false,עדשים ירוקים יבש סוגת 500 גר',האי נאם סי או אל.טי.,,עדשים ירוקות סוגת 50,גרמים,500.00,100 גרם,false,,7.90,0.0158,true,1,1413226
7290003643769,false,עדשים אדומים יבש סוגת 500 גר',"סוגת תעשיות בע""\מ",,עדשים אדומות סוגת 50,גרמים,500.00,100 גרם,false,,7.90,0.0158,true,1,1413227
7290003643776,false,"פופקורן גרעינים סוגת 500 ג' כשל""פ",האי נאם סי או אל.טי.,,פופקורן סוגת 500 גרם,גרמים,500.00,100 גרם,false,,5.90,0.0118,true,1,1413228
7290003643783,false,קוקוס טחון סוגת 100 גרם,האי נאם סי או אל.טי.,,קוקוס טחון סוגת 100,גרמים,100.00,100 גרם,false,,4.50,0.0450,true,1,1413229
7290003643806,false,שעועית לבנה יבשה סוגת 500 ג',האי נאם סי או אל.טי.,,שעועית לבנה יבשה סוג,גרמים,500.00,100 גרם,false,,10.90,0.0218,true,1,1413230
7290003643813,false,שעועית אדומה יבשה סוגת 500 גר',האי נאם סי או אל.טי.,,שעועית אדומה סוגת 50,גרמים,500.00,100 גרם,false,,10.90,0.0218,true,1,1413231
7290003715619,true,אננס טבעות,,,אננס טבעות,יחידה,0.00,יחידה,false,,0.00,0.0000,true,1,1423545
7290003726615,false,"טופו ויילר 300 גרם ""שטראוס""",הדקלאים אגודת שיתופי,,טופו ויילר 300 גרם,גרמים,300.00,100 גרם,false,,10.90,0.0363,true,1,1405621
7290003782680,true,קופיקס חציל במיונז1,,,קופיקס חציל במיונז1,יחידה,0.00,יחידה,false,,5.00,0.0000,true,1,1422928
7290003807178,false,"רוטב סויה בסגנון סיני קנור 300 מ""ל",יוניליוור ישראל מזון בע\,,רוטב סויה בסגנון סינ,מיליליטרים,300.00,"100 מ""ל",false,,9.90,0.0330,true,1,1409712
7290003864478,false,סרדינים בשמן צמחי פתח קל ויליפוד 110 גרם,גולדן פרייז קאנינג א,,סרדין בשמן צמחי 110,גרמים,110.00,100 גרם,false,,4.90,0.0445,true,1,1408391
7290003864485,false,סרדינים ברוטב עגבנ יות ויליפוד 110ג' פתח קל,גולדן פרייז קאנינג א,,סרדין ברוטב עגבניות,גרמים,110.00,100 גרם,false,,5.90,0.0536,true,1,1408392
7290003864492,false,סרדין בשמן צמחי חריף פתח קל ויליפוד 110 גרם,גולדן פרייז קאנינג א,,סרדין בשמן צמחי חריף,גרמים,110.00,100 גרם,false,,4.90,0.0445,true,1,1408393
7290003882922,false,עלי גפן ממולאים באורז וילי פוד 360 גרם,אף.סי תבליני בגליל ב,,עלי גפן ממולא 400 גר,גרמים,400.00,100 גרם,false,,8.90,0.0223,true,1,1408396
7290003893539,false,מעדניה - פילה אמנון,,,מעדניה - פילה אמנון,קילוגרמים,1.00,"ק""ג",true,,30.90,30.9000,true,1,1432115
7290003903771,false,קפה נמס קפוצ'ינו רגיל 200 ג',שטראס קפה בי.וי,,קפוצ'ינו פחית 200 גר,גרמים,200.00,100 גרם,false,,23.90,0.1195,true,1,1416474
7290003976508,true,נוזל לניקוי אסלות1,,,נוזל לניקוי אסלות1,יחידה,0.00,יחידה,false,,5.00,0.0000,true,1,1422929
7290003989096,false,סלט חצילים פיקנטי אחלה 500 גרם,מיוצר עי קונדיטוריית,,חציל פיקנטי 500,גרמים,575.00,100 גרם,false,,14.90,0.0259,true,1,1405622
7290003989539,false,לורנצו רביולי במילוי גבינה,מיוצר עי קונדיטוריית,,רביולי גבינה 400 גרם,גרמים,400.00,100 גרם,false,,19.80,0.0495,true,1,1405623
7290004011338,false,"ספריי קצפת מתוקה מוכנה ריץ' 250 מ""ל",האי נאם סי או אל.טי.,,ריצ' קצפת חלבי,מיליליטרים,250.00,"100 מ""ל",false,,14.90,0.0596,true,1,1409059
7290004030032,true,מיץ תפוז וולנסיה סחו,,,מיץ תפוז וולנסיה סחו,יחידה,0.00,יחידה,false,,22.90,0.0000,true,1,1423872
7290004034610,false,המבורגר ריב אנטריקוט 360ג רמילוי,,,המבורגר ריב אנטריקוט,גרמים,360.00,100 גרם,false,,25.90,0.0719,true,1,1432526
7290004034627,false,קבב 400גר קפוא מחפוד רמילוי,,,קבב 400 גרם קפוא מחפ,גרמים,400.00,100 גרם,false,,25.90,0.0647,true,1,1432527
7290004048518,false,מעדניה - פילה אמנון,,,מעדניה - פילה אמנון,קילוגרמים,1.00,"ק""ג",true,,30.90,30.9000,true,1,1432299
7290004048525,false,פילה אמנון דלידג 5-7,דלידג - נטו,,מעדניה - פילה אמנון,קילוגרמים,1.00,"ק""ג",true,,30.90,30.9000,true,1,1409065
7290004048532,false,מעדניה - פילה אמנון,,,מעדניה - פילה אמנון,קילוגרמים,1.00,"ק""ג",true,,30.90,30.9000,true,1,1432117
7290004063016,false,"מלח שולחן דק סלית 1 ק""ג בדץ",האי נאם סי או אל.טי.,,"מלח שולחן דק 1 ק""ג",גרמים,1000.00,100 גרם,false,,1.70,0.0017,true,1,1413138
7290004063016,false,"מלח שולחן דק סלית 1 ק""ג בדץ",האי נאם סי או אל.טי.,,"מלח שולחן דק 1 ק""ג",גרמים,1000.00,100 גרם,false,,1.70,0.0017,true,1,1413232
7290004063115,false,"מלח מטבח עבה להמלחת בשר ובישול 1 ק""ג 1ק""ג",האי נאם סי או אל.טי.,,"מלח עבה 1 ק""ג",גרמים,1000.00,100 גרם,false,,1.90,0.0019,true,1,1413139
7290004064099,false,מטחנה מלח ים מהרי ההימלאיה מלח הארץ 100 גרם,"חברת מלח הארץ אילת בע""\מ",,מלח הימלאיה במטחנה 3,גרמים,300.00,100 גרם,false,,16.90,0.0563,true,1,1432891
7290004064105,true,מטחנה מלח עשבי תיבול,,,מטחנה מלח עשבי תיבול,יחידה,0.00,יחידה,false,,14.90,0.0000,true,1,1423652
7290004064297,true,מלח מועשר ביוד צנצנת,,,מלח מועשר ביוד צנצנת,גרמים,0.00,100 גרם,false,,8.90,0.0000,true,1,1428090
7290004067250,true,קונפיטורת תאנים בערק,,,קונפיטורת תאנים בערק,יחידה,0.00,יחידה,false,,19.90,0.0000,true,1,1425732
7290004119973,false,קרלו מעדן שוקו רביעיה גביע 1.5% 125 גרם,תנובה מרכז שיתופי לש,,קרלו שוקולד 125 גרם,גרמים,125.00,100 גרם,false,,2.90,0.0232,true,1,1411314
7290004120108,false,יוגורט יופלה דיאט דובדבן 0% שומן 150גרם,תנובה מרכז שיתופי לש,,יופלה דיאט יוגורט דו,גרמים,150.00,100 גרם,false,,5.00,0.0333,true,1,1411315
7290004121525,false,יופלה מאגדת פרי 4 תות 4 אפרסק 3% 8 יח'*150 ג',תנובה מרכז שיתופי לש,,מאגדת 8 יופלה 3% אפר,גרמים,1200.00,100 גרם,false,,27.90,0.0232,true,1,1411451
7290004121754,false,יוגורט ביו עוגת גבינה ותות 3% יופלה 150 גרם,תנובה בעמ,,יופלה יוגורט עוגת גב,גרמים,150.00,100 גרם,false,,5.50,0.0367,true,1,1411452
7290004121853,false,גבינה בולגרית פיראוס 5% קוביות 200 גרם,תנובה מרכז שיתופי לש,,קוביות גבינה בולגרית,גרמים,250.00,100 גרם,false,,20.90,0.0836,true,1,1411453
7290004122119,false,פתיתי פרמזן 23% לפסטה השף הלבן 100 גרם,פ.פ.ח. שאביט,,פתיתי פרמזן מגורדת 2,גרמים,100.00,100 גרם,false,,12.10,0.1210,true,1,1411320
7290004122119,false,פתיתי פרמזן 23% לפסטה השף הלבן 100 גרם,פ.פ.ח. שאביט,,פתיתי פרמזן מגורדת 2,גרמים,100.00,100 גרם,false,,12.10,0.1210,true,1,1429148
7290004122195,false,גוש חלב גבינה צהובה פרוסה 28% תנובה 200 גרם,קריות זול,,גוש חלב פרוס 200 גרם,גרמים,200.00,100 גרם,false,,12.90,0.0645,true,1,1411455
7290004122270,false,עמק קלאסית פרוסות גבינה חצי קשה 28% 200 גרם,תנובה מרכז שיתופי לש,,גבינה עמק פרוס 28% ב,גרמים,200.00,100 גרם,false,,15.90,0.0795,true,1,1411456
7290004122348,false,גבינת עמק לייט פרוס בקופסא 200 גרם,תנובה מרכז שיתופי לש,,עמק לייט פרוס 9% 200,גרמים,200.00,100 גרם,false,,16.60,0.0830,true,1,1411457
7290004122683,false,עמק חטיף אצבעות גבינה חצי קשה 28% שומן,תנובה מרכז שיתופי לש,,עמק אצבעות גבינה 28%,גרמים,172.00,100 גרם,false,,16.40,0.0953,true,1,1411459
7290004124847,false,"קצפת צמחית השף הלבן 500 מ""ל תנובה",תנובה מרכז שיתופי לש,,קצפת צמחית 20% השף ה,מיליליטרים,500.00,"100 מ""ל",false,,15.90,0.0318,true,1,1411464
7290004125400,false,"אשל שלי מהדרין 200 מ""ל 4.5% ""תנובה""- מוצר בפיקוח",פארייפאבה אגרואינדוס,,שלי אשל 4.5% תנובה 2,מיליליטרים,200.00,"100 מ""ל",false,,1.69,0.0084,true,1,1411467
7290004125417,false,"גיל 3% שלי 200 מ""ל ""תנובה"" -מוצר בפיקוח",תנובה מרכז שיתופי לש,,שלי גיל 3% תנובה 200,מיליליטרים,200.00,"100 מ""ל",false,,1.51,0.0076,true,1,1411468
7290004125455,false,"שמנת חמוצה 200 מ""ל 15% ""תנובה"" -מוצר בפיקוח",תנובה מרכז שיתופי לש,,שמנת אורגינל 15% תנו,מיליליטרים,200.00,"100 מ""ל",false,,2.40,0.0120,true,1,1411469
7290004125462,false,"שמנת חמוצה 15% תנובה 500 מ""ל מהדרין",תנובה מרכז שיתופי לש,,שמנת 500 15%,גרמים,500.00,100 גרם,false,,5.70,0.0114,true,1,1411323
7290004125509,false,"שמנת חמוצה 15% מועשרת תנובה 100 מ""ל",תנובה מרכז שיתופי לש,,שמנת חמוצה 15% תנובה,מיליליטרים,100.00,"100 מ""ל",false,,1.70,0.0170,true,1,1411470
7290004125578,false,משקה סויה מעושר בסידן תנובה 1ל',תנובה מרכז שיתופי לש,,משקה סויה מועשר בסיד,מיליליטרים,1000.00,"100 מ""ל",false,,10.90,0.0109,true,1,1411471
7290004125585,false,משקה סויה בטעם וניל תנובה 1 ליטר,תנובה מרכז שיתופי לש,,משקה סויה בטעם וניל,מיליליטרים,1000.00,"100 מ""ל",false,,10.90,0.0109,true,1,1411472
7290004125721,false,"השף הלבן שמנת עמידה לבישול 15% תנובה 250 מ""ל",תנובה מרכז שיתופי לש,,שמנת לבישול 15% השף,מיליליטרים,250.00,"100 מ""ל",false,,7.90,0.0316,true,1,1411474
7290004125738,false,שמנת מתוקה להקצפה32% 250מל עמיד השף הלבן,תנובה מרכז שיתופי לש,,שמנת מתוקה להקצפה 32,מיליליטרים,250.00,"100 מ""ל",false,,5.90,0.0236,true,1,1411475
7290004126674,false,טל העמק פרוסות גבינה חצי קשה לייט %9 200 גרם בקופסא,תנובה מרכז שיתופי לש,,טל העמק פרוס 9% 200,גרמים,200.00,100 גרם,false,,18.80,0.0940,true,1,1411478
7290004126872,false,משקאות חלב תנובה שוקו בקבוק 250מל,קריות זול,,שוקו תנובה בבקבוק 25,מיליליטרים,250.00,"100 מ""ל",false,,5.70,0.0228,true,1,1411326
7290004126872,false,משקאות חלב תנובה שוקו בקבוק 250מל,קריות זול,,שוקו תנובה בבקבוק 25,מיליליטרים,250.00,"100 מ""ל",false,,5.70,0.0228,true,1,1411480
7290004127077,false,קוטג תנובה 3% גביע 250 גרם מהדרין,מיוצר עי קונדיטוריית,,גבינת קוטג' 3% תנובה,גרמים,250.00,100 גרם,false,,5.50,0.0220,true,1,1411481
7290004127329,false,קוטג תנובה גביע 250 גרם %5 ו.מהדרין,מיוצר עי קונדיטוריית,,גבינת קוטג' 5% תנובה,גרמים,250.00,100 גרם,false,,5.70,0.0228,true,1,1411327
7290004127336,false,קוטג תנובה גביע 250 גרם %9 ו.מהדרין,מיוצר עי קונדיטוריית,,גבינת קוטג' 9% תנובה,גרמים,250.00,100 גרם,false,,5.50,0.0220,true,1,1411482
7290004127800,false,"גבינה לבנה 500 גרם 5% ""תנובה"" -מוצר בפיקוח",מיוצר עי קונדיטוריית,,גבינה לבנה תנובה 5%,גרמים,500.00,100 גרם,false,,9.95,0.0199,true,1,1411483
7290004127862,false,"גבינה לבנה 750 גרם 5% ""תנובה"" - מוצר בפיקוח",תנובה מרכז שיתופי לש,,גבינה לבנה למריחה 5%,גרמים,750.00,100 גרם,false,,14.25,0.0190,true,1,1411485
7290004128333,false,לאבנה על בסיס יוגורט %9 שומן 500 ג' פיראוס,תנובה חלב,,פיראוס לבנה גביע 500,גרמים,500.00,100 גרם,false,,19.40,0.0388,true,1,1411487
7290004128432,false,פתיתים מיוחדים לפיצה על בסיס גבינה 500 ג',תנובה חלב,,פתיתי לפיצה 500 גרם,גרמים,500.00,100 גרם,false,,21.80,0.0436,true,1,1425919
7290004129156,false,גבינת שמנת25% עם שום שמיר 225 ג' נפוליאון,תנובה מרכז שיתופי לש,,נפוליאון שום שמיר 22,גרמים,225.00,100 גרם,false,,13.90,0.0618,true,1,1411330
7290004129767,false,"3% 'יופלה לבן מארז שמינייה 1.2 ק""ג",תנובה מרכז שיתופי לש,,יוגורט לבן 3% יופלה,מיליליטרים,1200.00,"100 מ""ל",false,,17.30,0.0144,true,1,1429142
7290004130794,false,משקה סויה במתיקות מופחתת תנובה 1 ליטר,תנובה מרכז שיתופי לש,,משקה סויה טבעי במתיק,מיליליטרים,1000.00,"100 מ""ל",false,,9.90,0.0099,true,1,1411494
7290004131074,false,"חלב 1 ליטר 3% קרטון ""תנובה""- מוצר בפיקוח",תנובה מרכז שיתופי לש,,חלב קרטון 3% תנובה 1,מיליליטרים,1000.00,"100 מ""ל",false,,6.23,0.0062,true,1,1411496
7290004131432,false,יוגורט יופלה לבן ביו 3% 200 גרם,מיוצר עי קונדיטוריית,,יופלה לבן 3% גביע 20,גרמים,200.00,100 גרם,false,,4.00,0.0200,true,1,1411336
7290004131456,false,יוגורט ביו 1.5% שומן 200 ג' יופלה,מיוצר עי קונדיטוריית,,יופלה לבן 1.5% גביע,גרמים,200.00,100 גרם,false,,4.00,0.0200,true,1,1411337
7290004131531,false,משקאות חלב תנובה שוקו בקבוק 1ל,פארייפאבה אגרואינדוס,,שוקו בקבוק 1 ליטר 20,מיליליטרים,1000.00,"100 מ""ל",false,,12.40,0.0124,true,1,1411338
7290004131814,false,גבינה צפתית 5% מעודנת 200 ג' פיראוס,פארייפאבה אגרואינדוס,,צפתית מעודנת,קילוגרמים,1.00,"ק""ג",false,,14.60,14.6000,true,1,1411339
7290004132552,false,משקה סויה בטעם טבעי לייט תנובה 1 ליטר,תנובה מרכז שיתופי לש,,משקה סויה לייט בטעם,מיליליטרים,1000.00,"100 מ""ל",false,,10.90,0.0109,true,1,1411503
7290004132712,false,חטיף אצבעות גבינת מוצרלה 20% 172 ג' עמק,תנובה מרכז שיתופי לש,,עמק אצבעות מוצרלה תנ,גרמים,174.00,100 גרם,false,,16.40,0.0943,true,1,1411504
7290004132903,false,גבינה לבנה 3% מהדרין תנובה 250 גרם,תנובה מרכז שיתופי לש,,גבינה לבנה 3% 250 גר,גרמים,250.00,100 גרם,false,,4.98,0.0199,true,1,1411505
7290004136154,false,"משקה חלב אייס קפה תנובה בבקבוק 340 מ""ל",גוד פוד פרודקטס S.p,,משקה אייס קפה תנובה,מיליליטרים,340.00,"100 מ""ל",false,,6.70,0.0197,true,1,1411517
7290004136857,false,מעדן גלי פטל תנובה 125 גרם,תנובה מרכז שיתופי לש,,ג'לי בטעם פטל 125,גרמים,125.00,100 גרם,false,,2.60,0.0208,true,1,1411520
7290004136871,false,מעדן ג'לי בטעם אפרסק עם חתיכות תנובה 125 גרם,תנובה מרכז שיתופי לש,,ג'לי אפרסק עם חתיכות,גרמים,125.00,100 גרם,false,,2.80,0.0224,true,1,1411522
7290004137021,false,"שמנת עמידה לבישול מופחת שומן 10% השף הלבן 250 מ""ל",תנובה מרכז שיתופי לש,,שמנת עמידה לבישול 10,מיליליטרים,250.00,"100 מ""ל",false,,8.00,0.0320,true,1,1411349
7290004137311,false,עמק לייט משפחתית 9% 400ג-ועדת מהדרין,תנובה חלב,,עמק לייט משפחתי 9% 4,גרמים,400.00,100 גרם,false,,29.90,0.0747,true,1,1411350
7290004194185,false,עוף מספר 2 קפוא חלק הרב מחפוד,עוף ירושלים,,עוף מס 2 קפוא מחפוד,קילוגרמים,1.00,"ק""ג",true,,24.90,24.9000,true,1,1438566
7290004200930,false,זיקוק זוג 15 סמ בשקית,שמחה זה אנחנו,,זיקוק זוג 15 סמ בשקי,יחידה,1.00,יחידה,false,,7.00,7.0000,true,1,1414684
7290004225285,false,גבינה בסגנון דנאבלו 100 ג',האי נאם סי או אל.טי.,,גבינה בסגנון דנאלבו,גרמים,100.00,100 גרם,false,,11.90,0.1190,true,1,1408927
7290004225285,false,גבינה בסגנון דנאבלו 100 ג',האי נאם סי או אל.טי.,,גבינה בסגנון דנאלבו,גרמים,100.00,100 גרם,false,,11.90,0.1190,true,1,1409067
7290004228354,false,מעדניה - פילה אמנון,,,מעדניה - פילה אמנון,קילוגרמים,1.00,"ק""ג",true,,30.90,30.9000,true,1,1432120
7290004228606,true,פילה דג צפוני אסייאת,,,פילה דג צפוני אסייאת,קילוגרמים,1.00,"ק""ג",true,,39.90,39.9000,true,1,1423742
7290004230104,false,קציצות בקר ברוטב עגבניות שגב,טיבון ויל אחזקות בעמ,,קציצות בקר ברוטב עגב,גרמים,800.00,100 גרם,false,,29.90,0.0374,true,1,1409072
7290004267018,true,אוזני המן -תמרים175,,,אוזני המן -תמרים175,יחידה,0.00,יחידה,false,,5.00,0.0000,true,1,1423528
7290004267025,true,אוזני המן -שוקולד17,,,אוזני המן -שוקולד17,יחידה,0.00,יחידה,false,,5.00,0.0000,true,1,1423529
7290004267766,true,אוזני המן בטעמים 175,,,אוזני המן בטעמים175,יחידה,0.00,יחידה,false,,5.00,0.0000,true,1,1422930
7290004324605,false,גבינה מותכת למריחה בטעם רוקפור 7% מון בלאן 120 ג',האי נאם סי או אל.טי.,,מון בלאן רוקפור 120,גרמים,120.00,100 גרם,false,,11.40,0.0950,true,1,1409088
7290004375614,true,מגבונים לחים טולי72,,,מגבונים לחים טולי72,יחידה,0.00,יחידה,false,,0.00,0.0000,true,1,1423268
7290004492816,true,נשנושים עגול מלוח 35,,,נשנושים עגול מלוח 35,גרמים,0.00,100 גרם,false,,17.90,0.0000,true,1,1409723
7290004494919,false,יין כנען קברנה שיראז 750 מל דלתון,"יקב דלתון בע""מ",,יין אדום כנען קברנה,מיליליטרים,750.00,"100 מ""ל",false,,41.90,0.0559,true,1,1411860
7290004532338,true,"קוקטייל לט""ו בשבט 35",,,"קוקטייל לט""ו בשבט35",יחידה,0.00,יחידה,false,,18.00,0.0000,true,1,1423063
7290004554354,false,גלידת פנטזיה שוקו וניל 1 ל' שטראוס,"גלידת שטראוס בע""\מ, רחוב",,פנטסיה שוקו וניל 900,מיליליטרים,900.00,"100 מ""ל",false,,21.90,0.0243,true,1,1416792
7290004554903,false,"גלידת פנטזיה שוקו וניל 900 מ""ל שטראוס","גלידת שטראוס בע""\מ, רחוב",,גלידת פנטזיה שוקו ונ,מיליליטרים,900.00,"100 מ""ל",false,,21.90,0.0243,true,1,1416796
7290004584306,false,רבעיית גמדים בטעם תות בננה * 100 ג' שטראוס,מיוצר עי קונדיטוריית,,מעדן גמדים תות בננה,גרמים,400.00,100 גרם,false,,10.90,0.0273,true,1,1405625
7290004584351,false,גבינה לבנה סימפוניה עם תוספות 200 ג' חמישית 200,"שטראוס בריאות בע""\מ",,גבינה במרקם שמנת סימ,גרמים,200.00,100 גרם,false,,10.40,0.0520,true,1,1405626
7290004584528,false,יוגורט דנונה ביו לבן 1.7% שומן 200 גרם,מיוצר עי קונדיטוריית,,דנונה ביו 1.7% 200 ג,גרמים,200.00,100 גרם,false,,3.70,0.0185,true,1,1405627
7290004585907,false,דני ועדן וניל 1.5% 125ג' שטראוס,מיוצר עי קונדיטוריית,,דני מעדן חלב בטעם ונ,גרמים,125.00,100 גרם,false,,2.50,0.0200,true,1,1405628
7290004658809,true,קדמון,,,קדמון,יחידה,0.00,יחידה,false,,39.90,0.0000,true,1,1424925
7290004658946,false,"יין P.C שרדונה כרמל 750 מ""ל","כד בני דרום בע""מ",,"יין שרדונה PC 750 מ""",מיליליטרים,750.00,"100 מ""ל",false,,39.90,0.0532,true,1,1417000
7290004731472,false,"אל סבון צבעוני כיף שלישיה* 500 מ""ל",טרופיקל דגיל תעשיות,,אל סבון צבעוני כיף 3,מיליליטרים,1500.00,"100 מ""ל",false,,18.90,0.0126,true,1,1410087
7290004731670,false,"מטהר אוויר דואופרש פצ'ולי לבנדר סנו 300 מ""ל","סנו מפעלי ברונוס בע""\מ",,סנו מטהר אויר דואופר,מיליליטרים,330.00,"100 מ""ל",false,,9.90,0.0300,true,1,1410089
7290004731816,true,סנו סושי מגבות הפלא,,,סנו סושי מגבות הפלא,יחידה,0.00,יחידה,false,,13.90,0.0000,true,1,1425699
7290004866358,true,עוגה בטעם שוקולד350,,,עוגה בטעם שוקולד350,יחידה,0.00,יחידה,false,,5.00,0.0000,true,1,1422932
7290004914479,false,מפיץ ריח לבי+מקלות פרייסז,מפיץ ריח 2 ב 15,,מפיץ ריח לילות לבנים,יחידה,0.00,יחידה,false,,7.90,0.0000,true,1,1420544
7290004923099,false,מים מינרליים עין גדי 2X6ל',עין גדי מיים מינרלים,,מים מינרלים עין גדי,ליטרים,12.00,ליטר,false,,11.90,0.9917,true,1,1407576
7290005016202,true,נשנושי אסאדו,,,נשנושי אסאדו,קילוגרמים,1.00,"ק""ג",true,,69.90,69.9000,true,1,1422215
7290005040955,false,חסה ערבית יחידה,,,חסה ערבית יחידה,קילוגרמים,1.00,"ק""ג",false,,5.70,5.7000,true,1,1434180
7290005084355,false,"סנסודיין - משחת שיניים דואל קר זהב 75 מ""ל",גלקסו סמית קליין,,סנסודיין דואל קר 75,גרמים,75.00,100 גרם,false,,20.90,0.2787,true,1,1408786
7290005174513,false,סלט חצילים במיונז אחלה 500 גרם,מיוצר עי קונדיטוריית,,חצילים במיונז 500 ג,גרמים,500.00,100 גרם,false,,14.90,0.0298,true,1,1405629
7290005174551,false,סלט חומוס עם צנוברים 125 ג' אחלה,מיוצר עי קונדיטוריית,,סלט חומוס יום יום אח,גרמים,125.00,100 גרם,false,,4.70,0.0376,true,1,1405630
7290005174568,false,סלט חצילים במיונז אחלה 125 גרם,מיוצר עי קונדיטוריית,,סלט חצילים במיונז יו,גרמים,125.00,100 גרם,false,,4.70,0.0376,true,1,1405631
7290005174575,false,טחינה אחלה יום יום משובחת 125ג',מיוצר עי קונדיטוריית,,סלט טחינה יום יום אח,גרמים,125.00,100 גרם,false,,4.70,0.0376,true,1,1405632
7290005175428,false,"קמח תירס לל""ג ריבארה 500 ג'",קריות זול,,קמח תירס אינסטנט 500,גרמים,500.00,100 גרם,false,,5.90,0.0118,true,1,1408403
7290005199288,false,גומי מאסט בטעם פטל לימון 28 ג' עלית,"שטראוס גרופ בע""מ",,"מאסט פטל לימון לל""ס",גרמים,28.00,100 גרם,false,,4.50,0.1607,true,1,1416478
7290005199738,false,גומי מאסט בטעם פפרמינט ריח פה נעים פליפטופ 28 ג' עלית,"שטראוס גרופ בע""מ",,"מאסט מנטה מרעננת לל""",גרמים,28.00,100 גרם,false,,4.50,0.1607,true,1,1416480
7290005200786,false,תפוצ'יפס בטעם שמנת בצל עלית 50 גרם,"שטראוס פריטו ליי בע""\מ )",,תפוציפס שמנת ובצל 50,גרמים,50.00,100 גרם,false,,3.50,0.0700,true,1,1406139
7290005287206,false,טונה סטארקיסט רביעיות בשמן 492 גרם,"סטארקיסט פודור בע""מ",,טונה סטארקיסט בשמן 4,גרמים,640.00,100 גרם,false,,24.90,0.0389,true,1,1408205
7290005287251,false,רביעיית טונה במים סטארקיסט 160 גרם,"איטיליאן פוד, אס.פי.",,נתחי טונה סטארקיסט ב,גרמים,640.00,100 גרם,false,,24.90,0.0389,true,1,1408206
7290005287336,false,סטארקיסט טונה בשמן 80גרם שלישיות - בדצ עדה חרדית,סטארקיסט,,טונה סטארקיסט שלישיה,גרמים,240.00,100 גרם,false,,13.90,0.0579,true,1,1408207
7290005369377,true,שעועית לבנה ברוטב 58,,,שעועית לבנה ברוטב58,יחידה,0.00,יחידה,false,,5.00,0.0000,true,1,1422933
7290005384851,false,וילי פוד מיץ לימון בדץ 200מל,קריות זול,,מיץ לימון משומר וילי,מיליליטרים,200.00,"100 מ""ל",false,,4.90,0.0245,true,1,1415920
7290005423253,false,"סנו - מקסימה מרסס למייבש כביסה אולטרה פרש 750 מ""ל","סנו מפעלי ברונוס בע""\מ",,מקסימה למייבש אולטרא,מיליליטרים,750.00,"100 מ""ל",false,,16.30,0.0217,true,1,1410091
7290005423635,false,ריצפז נוזל רצפות דוחה תיקנים סנו 2 ליטר,מיוצר עי קונדיטוריית,,סנו ריצפז דוחה חרקים,מיליליטרים,2000.00,"100 מ""ל",false,,19.90,0.0099,true,1,1410094
7290005423734,false,מרכך כביסה מרוכז אולטרא פרש סנו מקסימה 4 ליטר,"סנו מפעלי ברונוס בע""\מ",,מרכך כביסה מקסימה 4,מיליליטרים,4000.00,"100 מ""ל",false,,21.50,0.0054,true,1,1410095
7290005423918,false,סנו - מקסימה מרכך כביסה היפואלרגני אלוורה 4 ליטר,"סנו מפעלי ברונוס בע""\מ",,מקסימה מרכך 4 ליטר ב,מיליליטרים,4000.00,"100 מ""ל",false,,21.50,0.0054,true,1,1410097
7290005425196,false,"מקסימה אבקת כביסה סנסיטיב סנו 2.5 ק""ג",מיוצר עי קונדיטוריית,,סנו מקסימה סנסטיב 2.,קילוגרמים,2.50,"ק""ג",false,,22.90,9.1600,true,1,1410100
7290005425646,false,קליר נוזל לניקוי חלונות רב תכליתי סנו 1 ליטר,"סנו מפעלי ברונוס בע""\מ",,ספריי רב תכליתי לניק,מיליליטרים,1000.00,"100 מ""ל",false,,10.90,0.0109,true,1,1410101
7290005426407,true,סנומוד לאקשרי,,,סנומוד לאקשרי,יחידה,0.00,יחידה,false,,12.90,0.0000,true,1,1423813
7290005431906,false,קדאיף עדן קינוחים 82 גרם,עדן קינוחים Eden,,מעדן קדאיף עדן קינוח,גרמים,82.00,100 גרם,false,,6.90,0.0841,true,1,1423873
7290005431913,false,עוגת גבינה פירורים עדן קינוחים 92 גרם,עדן קינוחים Eden,,עוגת גבינה פירורים ע,גרמים,92.00,100 גרם,false,,6.90,0.0750,true,1,1423874
7290005431968,false,מלבי שמנת עדן קינוחים 150 גרם,עדן קינוחים Eden,,מלבי שמנת עדן קינוחי,גרמים,150.00,100 גרם,false,,6.90,0.0460,true,1,1438813
7290005437069,false,"שמן זית למאור בד""ץ טעמן 1 ליטר",מוצרי יסוד - טעמן,,שמן זית מאור טעמן 1,מיליליטרים,1000.00,"100 מ""ל",false,,18.90,0.0189,true,1,1438478
7290005437540,false,"פטריות שמפיניון חתוכות בד""צ טעמן 290 גרם",,,פטריות חתוכות טעמן 2,גרמים,290.00,100 גרם,false,,4.50,0.0155,true,1,1440743
7290005437939,false,פסטה ספגטיני מס' 10 500 גר' טעמן,מוצרי יסוד - טעמן,,פסטה בילאג'יו ספגטינ,גרמים,500.00,100 גרם,false,,4.90,0.0098,true,1,1439340
7290005500688,false,"פנינה רוזנבלום מסיכה לשיקום ורודה , 1 ק""ג",פנינה רוזנבלום,,"מסיכה לשיער 1 ק""ג",גרמים,1000.00,100 גרם,false,,26.90,0.0269,true,1,1410433
7290005509278,true,מרשמלו טוויסטר 180 ג,,,מרשמלו טוויסטר 180 ג,יחידה,0.00,יחידה,false,,5.00,0.0000,true,1,1407940
7290005509445,false,עוגיות מיני קוקיס חמאה בצנצנת כרמית 600 גרם,כרמית תעשיות ממתקים,,מיני קוקיס בטעם חמאה,גרמים,600.00,100 גרם,false,,13.90,0.0232,true,1,1407941
7290005559907,false,פיצה משפחתית 100% גבינה מעדנות 500 גרם,מיוצר עי קונדיטוריית,,פיצה משפחתית 100% גב,גרמים,500.00,100 גרם,false,,19.90,0.0398,true,1,1411780
7290005559914,false,פיצה משפחתית עם 100% גבינה בתוספת זיתים מעדנות 550 גרם,מיוצר עי קונדיטוריית,,פיצה משפחתית זיתים מ,גרמים,550.00,100 גרם,false,,19.90,0.0362,true,1,1411781
7290005559990,false,בצק פילאס תורכי מעדנות 600 גרם,מיוצר עי קונדיטוריית,,בצק פילאס תורכי מעדנ,גרמים,600.00,100 גרם,false,,19.90,0.0332,true,1,1411783
7290005589027,false,סוכריות לקקני ישראל 10יח,,,לקקן מוצץ עשיריות,יחידה,10.00,יחידה,false,,15.90,1.5900,true,1,1420305
7290005591761,false,דבש טהור מפרחי בר בלחיץ 400 ג' יד מרדכי,מכוורת יד מרדכי שטרא,,דבש טהור לחיץ 400 גר,גרמים,400.00,100 גרם,false,,19.90,0.0497,true,1,1416483
7290005638176,true,מערוד תמרים 350ג',,,מערוד תמרים 350ג',יחידה,0.00,יחידה,false,,13.00,0.0000,true,1,1425613
7290005678387,false,ענב אוטום רויאל -שחור,מושב לכיש,,ענב אדום,קילוגרמים,1.00,"ק""ג",true,,24.90,24.9000,true,1,1437988
7290005678745,false,ענב אדום,,,ענב אדום,קילוגרמים,1.00,"ק""ג",true,,24.90,24.9000,true,1,1438108
7290005838002,false,מעדן גבינה ויוגורט בטעם וניל 88 ג' דניאלה,"שטראוס בריאות בע""מ",,דניאלה וניל 150 גרם,גרמים,150.00,100 גרם,false,,3.90,0.0260,true,1,1405634
7290005838613,false,"סקי וניל בודד 125 גרם ""שטראוס""","שטראוס בריאות בע""\מ",,סקי וניל 125 בודד,גרמים,125.00,100 גרם,false,,3.70,0.0296,true,1,1405635
7290005838972,false,גבינת יום יום 5% שטראוס 125ג',מיוצר עי קונדיטוריית,,סקי יום יום 5% 125 ג,גרמים,125.00,100 גרם,false,,3.10,0.0248,true,1,1405636
7290005839078,false,שמיניית יוגורט לבן 3% ביו דנונה 150 גרם,מיוצר עי קונדיטוריית,,מארז 8 חסכון - ביו 3,גרמים,1200.00,100 גרם,false,,15.90,0.0133,true,1,1405637
7290005839108,false,גבינה לבנה סימפוניה עם תוספות 200 ג'+זיתים 5%,"שטראוס בריאות בע""\מ",,גבינה במרקם שמנת 5%,גרמים,200.00,100 גרם,false,,10.40,0.0520,true,1,1405638
7290005839313,false,"מילקי טופ מגולגלת שטראוס 170 מ""ל",מיוצר עי קונדיטוריית,,מילקי טופ מגולגלת 17,מיליליטרים,170.00,"100 מ""ל",false,,4.50,0.0265,true,1,1405639
7290005896118,false,ג'אמפ ענבים 1.5 ליטר,,,ג'אמפ ענבים 1.5 ליטר,מיליליטרים,1500.00,"100 מ""ל",false,,7.50,0.0050,true,1,1410672
7290005896415,false,"בירה איגל לאגר פרימיום 5% 500 מ""ל פחית","טמפו משקאות בע""מ",,בירה איגל ירוק 500 מ,מיליליטרים,500.00,"100 מ""ל",false,,7.50,0.0150,true,1,1428435
7290005896620,false,סאן בנדטו - מוגז עדין - 1.5 ליטר,אקווה מינרלה סאן בנד,,מים סן בנדטו מוגז 1.,מיליליטרים,1500.00,"100 מ""ל",false,,3.90,0.0026,true,1,1436120
7290005896637,false,סאן בנדטו - מים מינרלים טבעיים מהאלפים 1.5 ליטר,אקווה מינרלה סאן בנדטו ב,,מים מינרליים טבעיים,מיליליטרים,9000.00,"100 מ""ל",false,,4.80,0.0005,true,1,1410676
7290005938238,false,ממרח צ'ימצ'ורי פרסקו 220ג' מצונן,"פרסקו חצבה 2006 בע""מ",,צ'ימצ'ורי 220 גרם,גרמים,220.00,100 גרם,false,,17.90,0.0814,true,1,1409090
7290005951039,false,כרובית ארוזה,,,כרובית,יח',1.00,יח',false,,9.90,9.9000,true,1,1434536
7290005966033,false,"יין הר חרמון לבן 750 מ""ל",יקבי רמת הגולן קצרין,,יין לבן יבש הר חרמון,מיליליטרים,750.00,"100 מ""ל",false,,31.90,0.0425,true,1,1419753
7290005992735,false,לאבנה טבעית 5% 250 גר' - רבנות,הנסיך- מפעל לייצור ט,,גבינת לאבנה טבעית 5%,גרמים,250.00,100 גרם,false,,11.90,0.0476,true,1,1413763
7290006185501,false,"פנינה רוזנבלום -אל סבון נוזלי ורוד,1 ליטר",פנינה רוזנבלום,,סבון ורוד 1 ליטר פני,מיליליטרים,1000.00,"100 מ""ל",false,,8.90,0.0089,true,1,1410434
7290006185518,false,"פנינה רוזנבלום -אל סבון נוזלי כחול,1 ליטר",פנינה רוזנבלום,,סבון כחול 1 ליטר פני,מיליליטרים,1000.00,"100 מ""ל",false,,9.90,0.0099,true,1,1410435
7290006210180,true,"בונז""ור קרואסון ביס",,,"בונז""ור קרואסון ביס",קילוגרמים,1.00,"ק""ג",true,,0.00,0.0000,true,1,1423431
7290006210456,true,"בונז""ור פילס פטריות",,,"בונז""ור פילס פטריות",קילוגרמים,1.00,"ק""ג",true,,0.00,0.0000,true,1,1423432
7290006210920,true,"בונז""ור לחם טבע לבן",,,"בונז""ור לחם טבע לבן",יחידה,0.00,יחידה,false,,0.00,0.0000,true,1,1423435
7290006229069,false,ג`אמפ ענבים 1.5 ליטר,טמפו 7.5%,,ג'אמפ ענבים 1.5 ליטר,מיליליטרים,1500.00,"100 מ""ל",false,,7.50,0.0050,true,1,1410682
7290006229427,false,סן בנדטו - מים מינרלים - מארז שישיית 500 מל,סאן בנדטו,,שישיית מים סאן בנדטו,מיליליטרים,3000.00,"100 מ""ל",false,,12.90,0.0043,true,1,1410581
7290006229427,false,סן בנדטו - מים מינרלים - מארז שישיית 500 מל,סאן בנדטו,,שישיית מים סאן בנדטו,מיליליטרים,3000.00,"100 מ""ל",false,,12.90,0.0043,true,1,1410685
7290006251275,false,תה ירוק סיני קלאסי ויסוצקי 25 יחידות,תה ויסוצקי,,תה ירוק סיני,יחידה,25.00,יחידה,false,,24.90,0.9960,true,1,1406675
7290006251282,true,תה חמוציות,,,תה חמוציות,יחידה,0.00,יחידה,false,,16.90,0.0000,true,1,1423653
7290006271181,false,ג'חנון אפוי למיקרוגל מעדנות 750 גרם,מיוצר עי קונדיטוריית,,ג'חנון אפוי מוקפא לה,גרמים,750.00,100 גרם,false,,23.90,0.0319,true,1,1411784
7290006272072,false,חטיפי פיצה גבינה מעדנות 650 גרם,"מעדנות בע""\מ",,חטיפי פיצה 24 יחידות,גרמים,650.00,100 גרם,false,,27.90,0.0429,true,1,1411788
7290006272430,false,בצק עלים חמאה מעדנות 600 גרם,מיוצר עי קונדיטוריית,,בצק עלים חמאה מעדנות,גרמים,600.00,100 גרם,false,,27.90,0.0465,true,1,1427861
7290006322104,false,לחם ריחיים קל פרוס 500גר,מאפיית דוידוביץ ובניו בע,,לחם ריחיים קל פרוס 5,גרמים,500.00,100 גרם,false,,9.90,0.0198,true,1,1417509
7290006322111,false,לחמניות ריחיים 80*6 גרם,מאפיית דוידוביץ ובניו בע,,לחמניות רחיים קלות 7,גרמים,450.00,100 גרם,false,,12.90,0.0287,true,1,1417510
7290006322128,false,לחמניות קלות 6 יח בחבילה,מאפיית דוידוביץ ובניו בע,,לחמניות קלות 75 גרם,גרמים,450.00,100 גרם,false,,8.90,0.0198,true,1,1417511
7290006322838,false,לחם מקמח מלא דוידובי,מאפיית דוידוביץ ובניו בע,,לחם קמח מלא 100% מאפ,גרמים,750.00,100 גרם,false,,12.90,0.0172,true,1,1417519
7290006322845,true,לחמניה%100 קמח מלא7,,,לחמניה%100 קמח מלא7,יחידה,0.00,יחידה,false,,0.00,0.0000,true,1,1423377
7290006342072,false,גרעין לבן 200 גרם ששון הקולה,"דין שיווק וקלייה בע""",,גרעין לבן 200 גרם,גרמים,200.00,100 גרם,false,,8.90,0.0445,true,1,1436153
7290006342089,false,גרעין שחור 200 גרם ששון הקולה,"דין שיווק וקלייה בע""",,גרעין שחור 200 גרם,גרמים,200.00,100 גרם,false,,5.90,0.0295,true,1,1440554
7290006342560,false,בוטן אמריקאי 200 גרם ששון הקולה,"דין שיווק וקלייה בע""",,בוטן אמריקאי 200 גרם,גרמים,200.00,100 גרם,false,,6.90,0.0345,true,1,1436156
7290006374738,false,קונפיטורית תות 340 גר' יד מרדכי,אף.סי תבליני בגליל ב,,קונפיטורת תות 340 גר,גרמים,340.00,100 גרם,false,,10.90,0.0321,true,1,1416485
7290006378880,true,שקיות אשפה עם שרוך2,,,שקיות אשפה עם שרוך2,יחידה,0.00,יחידה,false,,0.00,0.0000,true,1,1422935
7290006492432,false,גבינת מוצרלה בייבי 18% גד 150 גרם,מחלבות גד בעמ,,בייבי מוצרלה 18% 150,גרמים,150.00,100 גרם,false,,14.90,0.0993,true,1,1413764
7290006492616,false,גבינה בולגרית מעודנת פרוסות 5% גד 250 גרם,DSH עבור מחלבות גד ב,,גבינה בולגרית מעודנת,גרמים,250.00,100 גרם,false,,25.20,0.1008,true,1,1413765
7290006492852,false,גבינת עיזים למריחה 5% שומן 250 ג' גד,קריות זול,,גבינת עזים למריחה 5%,גרמים,250.00,100 גרם,false,,17.90,0.0716,true,1,1413768
7290006511751,false,פטריות שמפניון חתוך ויליפוד 290X3 ג' בד”צ,לוטס,,שלישית פטריות חתוך ו,יחידה,3.00,יחידה,false,,11.90,3.9667,true,1,1408410
7290006546524,true,צ'יפס מובחר 800 גר',,,צ'יפס מובחר 800 גר',יחידה,0.00,יחידה,false,,11.90,0.0000,true,1,1414874
7290006547170,true,צימרוני אוזניים עץ3,,,צימרוני אוזניים עץ3,יחידה,0.00,יחידה,false,,0.00,0.0000,true,1,1423271
7290006547354,true,רצועות שעווה חביב50,,,רצועות שעווה חביב50,יחידה,0.00,יחידה,false,,0.00,0.0000,true,1,1423272
7290006547620,true,"פלסטרים 50 יח """,,,"פלסטרים 50 יח """,יחידה,0.00,יחידה,false,,0.00,0.0000,true,1,1423389
7290006547699,true,"קש מתקפל 150 יח """,,,"קש מתקפל 150 יח """,יחידה,0.00,יחידה,false,,0.00,0.0000,true,1,1423273
7290006624093,true,למברוסקו צ'יבולי לבן,,,למברוסקו צ'יבולי לבן,יחידה,0.00,יחידה,false,,0.00,0.0000,true,1,1426660
7290006664402,false,גבינה לבנה סקי 5% שומן 750 גרם,מיוצר עי קונדיטוריית,,גבינה לבנה סקי % 5 7,גרמים,750.00,100 גרם,false,,14.90,0.0199,true,1,1405644
7290006664532,false,יוגורט עם תות 3% שומן 150 ג' דנונה,מיוצר עי קונדיטוריית,,"דנונה תות 3% 150 מ""ל",גרמים,150.00,100 גרם,false,,3.50,0.0233,true,1,1405645
7290006664655,false,"אקטימל לבן טבעי מארז 100X8 מ""ל",מיוצר עי קונדיטוריית,,"אקטימל לבן 8*100 מ""ל",מיליליטרים,800.00,"100 מ""ל",false,,19.90,0.0249,true,1,1405647
7290006664693,false,יוגורט עם אפרסק 3% שומן 150 ג' דנונה,מיוצר עי קונדיטוריית,,דנונה אפרסק 3% 150 ג,גרמים,150.00,100 גרם,false,,3.50,0.0233,true,1,1405648
7290006664990,false,"יוגורט דנונה ביו לבן 1.7% שומן 8*150 מ""ל",מיוצר עי קונדיטוריית,,מארז 8 חסכון - ביו 1,גרמים,1200.00,100 גרם,false,,15.90,0.0133,true,1,1405649
7290006681003,false,גלידה קרמיסימו סרבט תות לימון 650 גרם,"גלידת שטראוס בע""\מ, רחוב",,גלידת קרמיסימו 1.33,מיליליטרים,1330.00,"100 מ""ל",false,,17.90,0.0135,true,1,1416798
7290006681553,false,קרמבו בטעם וניל שטראוס 8 יחידות,"גלידת שטראוס בע""\מ",,קרמבו שטראוס וניל 8*,יחידה,8.00,יחידה,false,,16.90,2.1125,true,1,1416800
7290006704269,true,חסה עגולה,,,חסה עגולה,יחידה,0.00,יחידה,false,,5.00,0.0000,true,1,1410819
7290006738615,false,קבב פרימיום זהב 100% בשר זוגלובק 400 ג',נקניק נהריה כשר זוגל,,קבב זהב 400 גרם,גרמים,400.00,100 גרם,false,,19.90,0.0497,true,1,1415299
7290006739292,false,נקניק פסטרמה פרגיות ציפוי תירס,נקניק נהריה כשר זוגל,,פסטרמה תבור 330 גר',גרמים,330.00,100 גרם,false,,25.90,0.0785,true,1,1422789
7290006739346,false,נקניקיות פרגיות טרי 400 גרם זוגלובק,נקניק נהריה כשר זוגל,,נקניקיות מבשר פרגיות,גרמים,400.00,100 גרם,false,,11.90,0.0298,true,1,1415303
7290006739414,false,נקניק סלמי קוניאק זוגלובק 300 גרם,נקניק נהריה כשר זוגל,,סלמי קוניאק 300 גרם,גרמים,300.00,100 גרם,false,,24.90,0.0830,true,1,1415305
7290006739421,false,נקניק סלמי מעושן איטלקי זוגלובק 300 גרם,נקניק נהריה כשר זוגל,,נקניק סלמי מעושן איט,גרמים,300.00,100 גרם,false,,25.90,0.0863,true,1,1415283
7290006739421,false,נקניק סלמי מעושן איטלקי זוגלובק 300 גרם,נקניק נהריה כשר זוגל,,נקניק סלמי מעושן איט,גרמים,300.00,100 גרם,false,,25.90,0.0863,true,1,1415306
7290006739445,false,שניצל תירס קלאסי 750 ג' זוגלובק,נקניק נהריה כשר זוגל,,שניצל תירס קלאסי 750,גרמים,750.00,100 גרם,false,,21.90,0.0292,true,1,1415307
7290006742278,false,פסטרמה הודו צלויה על לבנים 330 ג' זוגלובק,נקניק נהריה כשר זוגל,,פסטרמה צלויה על לבני,גרמים,330.00,100 גרם,false,,25.90,0.0785,true,1,1415317
7290006742292,false,פסטרמה הודו בדבש 330 ג' זוגלובק,נקניק נהריה כשר זוגל,,פסטרמה בדבש 330 גרם,גרמים,330.00,100 גרם,false,,25.90,0.0785,true,1,1415318
7290006755469,true,טבעול שניצל לייט630,,,טבעול שניצל לייט630,יחידה,0.00,יחידה,false,,0.00,0.0000,true,1,1423274
7290006764263,false,גולדסטאר בקבוק 330,,,גולדסטאר בקבוק 330,מיליליטרים,330.00,"100 מ""ל",false,,6.30,0.0191,true,1,1410689
7290006775016,false,עוגה מבית טוב 450 גרם תפוז,אחדות ביחר לטחינה חל,,עוגת תפוז 450 גרם אח,גרמים,450.00,100 גרם,false,,10.90,0.0242,true,1,1410451
7290006775030,false,"עוגה מבית טוב"" 450 גרם שוקו-ציפס",אחדות ביחר לטחינה חל,,עוגת שוקולד צ'יפס 45,גרמים,450.00,100 גרם,false,,10.90,0.0242,true,1,1410453
7290006775047,false,"עוגה מבית טוב"" 450 גרם שוקולד",אחדות ביחר לטחינה חל,,עוגת שוקולד 450 גרם,גרמים,450.00,100 גרם,false,,10.90,0.0242,true,1,1410454
7290006775054,false,"עוגה מבית טוב"" 450 גרם שיש",אחדות ביחר לטחינה חל,,עוגת שיש 450 גרם אחו,גרמים,450.00,100 גרם,false,,10.90,0.0242,true,1,1410455
7290006775085,false,עוגת שמרים במילוי שוקולד אחוה,אחדות ביחר לטחינה חל,,עוגת שמרים שוקולד 40,גרמים,400.00,100 גרם,false,,10.90,0.0273,true,1,1410456
7290006775306,true,מאפינס תות 50ג' אחוו,,,מאפינס תות 50ג' אחוו,יחידה,0.00,יחידה,false,,1.50,0.0000,true,1,1410458
7290006805850,false,פילסברי פנקייק תערובת להכנת חביתיות,הדקלאים אגודת שיתופי,,תערובת לאפייה פילסבר,גרמים,500.00,100 גרם,false,,15.90,0.0318,true,1,1425707
7290006936059,true,משחת כלים בניחוח לימ,,,משחת כלים בניחוח לימ,יחידה,0.00,יחידה,false,,26.90,0.0000,true,1,1427066
7290006960023,false,כרוב כבוש מאמא מרי 7,מאמא מרי,,כרוב כבוש מאמא מרי 7,גרמים,750.00,100 גרם,false,,16.90,0.0225,true,1,1420303
7290006983176,false,אוסם - לחמית שיפון 250 גרם,"אסם השקעות בע""\מ",,לחמית שיפון 230 גרם,גרמים,230.00,100 גרם,false,,7.90,0.0343,true,1,1407091
7290006983206,true,אסם פלאפל בקלי קלות,,,אסם פלאפל בקלי קלות,גרמים,0.00,100 גרם,false,,9.40,0.0000,true,1,1429090
7290006983527,false,עוגת הבית תפוחי עץ ופירורים אסם 400 גרם,מיוצר עי קונדיטוריית,,הבית עוגת תפוחי עץ ע,גרמים,400.00,100 גרם,false,,14.90,0.0373,true,1,1407092
7290006983763,false,עוגת הבית שוקולד 400 גרם אסם.,מיוצר עי קונדיטוריית,,עוגת הבית תפוחים פיר,גרמים,400.00,100 גרם,false,,10.90,0.0273,true,1,1407093
7290006983770,false,עוגת הבית שיש אסם 400 גרם,מיוצר עי קונדיטוריית,,עוגת הבית בטעם שוקול,גרמים,400.00,100 גרם,false,,10.90,0.0273,true,1,1407094
7290006983787,false,עוגת הבית שוקולד צ'יפס אסם 400 גרם,מיוצר עי קונדיטוריית,,עוגת הבית שיש אסם 40,גרמים,400.00,100 גרם,false,,10.90,0.0273,true,1,1407095
7290006983794,false,עוגת הבית בטעם תפוז אסם 400 גרם,מיוצר עי קונדיטוריית,,עוגת הבית שוקולד צ'י,גרמים,400.00,100 גרם,false,,10.90,0.0273,true,1,1407096
7290006992185,false,"מטרנה - דייסת אורז פרוביוטי כשל""פ 200 גרם",מולינו ניקולי s.p.a,,מטרנה דייסת אורז פרו,גרמים,200.00,100 גרם,false,,12.90,0.0645,true,1,1407099
7290007065007,false,מוצרלה פרוסות 22% 20,,,מוצרלה פרוסות 22% 20,גרמים,200.00,100 גרם,false,,16.90,0.0845,true,1,1413745
7290008000796,false,"סופרמן משחת שיניים לילדים בטעם פירות כצט 50 מ""ל",כצט נוביס,,סופרמן משחת שיניים ל,מיליליטרים,50.00,"100 מ""ל",false,,12.90,0.2580,true,1,1408788
7290008154222,false,עוף טוב שניצלונים 700 גרם,"מוצרי עוף טוב (2001) בע""",,שניצלונים בציפוי מעו,גרמים,700.00,100 גרם,false,,15.90,0.0227,true,1,1407103
7290008175814,false,וילי פוד פטריות שמפיניון חתוך בדץ 400ג,"אוקצ'מפ אס, איי אויי",,פטריות חתוכות 400 גר,גרמים,400.00,100 גרם,false,,5.50,0.0138,true,1,1408414
7290008190909,false,עוגיות מיני קוקיס שוקולד צ'יפס בצנצנת כרמית 600 גרם,כרמית תעשיות ממתקים,,מיני קוקיס שוקו ציפס,גרמים,600.00,100 גרם,false,,13.90,0.0232,true,1,1407946
7290008330107,true,בדין סגול 4 ליטר,,,בדין סגול 4 ליטר,יחידה,0.00,יחידה,false,,25.90,0.0000,true,1,1425849
7290008343503,false,גחנון אפוי 650 גר' שלושת האופים קהילות,שלושת האופים,,ג'חנון אפוי 650 גר',יחידה,0.00,יחידה,false,,19.90,0.0000,true,1,1408934
7290008343503,false,גחנון אפוי 650 גר' שלושת האופים קהילות,שלושת האופים,,ג'חנון אפוי שלושת הא,גרמים,650.00,100 גרם,false,,19.90,0.0306,true,1,1437609
7290008347181,false,מעדניה - פילה אמנון,,,מעדניה - פילה אמנון,קילוגרמים,1.00,"ק""ג",true,,30.90,30.9000,true,1,1432118
7290008347211,false,אצבעות דג מצופות דלידג 700 גרם,אף.סי תבליני בגליל ב,,אצבעות דג מצופות דלי,גרמים,700.00,100 גרם,false,,22.90,0.0327,true,1,1408935
7290008347891,false,מעדניה - פילה אמנון,,,מעדניה - פילה אמנון,קילוגרמים,1.00,"ק""ג",true,,30.90,30.9000,true,1,1432119
7290008403832,true,אולד רוטרדם בקר,,,אולד רוטרדם בקר,יחידה,0.00,יחידה,false,,149.00,0.0000,true,1,1422483
7290008409100,false,אצבעות שניצל בציפוי שומשום מאמא עוף 700 גרם,תנובה גליל שותפות מוגבלת,,אצבעות שניצל בציפוי,גרמים,700.00,100 גרם,false,,29.90,0.0427,true,1,1411789
7290008409124,false,מאמא עוף קפוא שניצל ג'ונגל פריך 700 גרם,תנובה גליל שותפות מוגבלת,,שניצל ג'ונגל פריך 70,גרמים,700.00,100 גרם,false,,34.90,0.0499,true,1,1411790
7290008409216,false,מאמא עוף קפוא שניצל דק פריך 700 גרם,תנובה גליל,,שניצל דק דק פריך מאמ,גרמים,700.00,100 גרם,false,,39.90,0.0570,true,1,1411791
7290008409223,false,שניצל דק דק מתובל מאמא עוף 700 גרם,תנובה גליל שותפות מוגבלת,,שניצל דק דק מתובל מא,גרמים,700.00,100 גרם,false,,39.90,0.0570,true,1,1411792
7290008409407,false,שניצל דק צ'יפס מאמא עוף 700 גרם,תנובה גליל שותפות מוגבלת,,מאמא עוף שניצל דק צי,גרמים,700.00,100 גרם,false,,39.90,0.0570,true,1,1411794
7290008409551,false,שניצל עוף אמיתי בציפוי מעודן 700 ג' מאמא עוף,תנובה גליל שותפות מוגבלת,,שניצל עוף בציפוי מעו,גרמים,700.00,100 גרם,false,,39.90,0.0570,true,1,1411797
7290008409582,false,שניצל עוף אמיתי בציפוי ביתי מאמא עוף 700 גרם,תנובה גליל שותפות מוגבלת,,שניצל עוף אמיתי בציפ,גרמים,700.00,100 גרם,false,,39.90,0.0570,true,1,1411799
7290008409773,false,קציצות עוף אמיתיות מאמא עוף 700 גרם,תנובה גליל שותפות מוגבלת,,קציצות עוף אמיתיות מ,גרמים,700.00,100 גרם,false,,24.90,0.0356,true,1,1411726
7290008409803,true,מארז שניצל מעודן700,,,מארז שניצל מעודן700,יחידה,0.00,יחידה,false,,0.00,0.0000,true,1,1423275
7290008415071,false,צבר חומוס עם טחינה עגול 150 גרם,סלטי צבר,,צבר חומוס עם טחינה 1,גרמים,150.00,100 גרם,false,,4.90,0.0327,true,1,1407104
7290008415514,false,צבר חומוס עם חריף עגול 150 גרם,סלטי צבר,,צבר חומוס עם חריף 15,גרמים,150.00,100 גרם,false,,4.90,0.0327,true,1,1407105
7290008417099,false,תבלין חווא'ג למרק,נווה תבלין,,חוואג' למרק 110,גרמים,110.00,100 גרם,false,,7.90,0.0718,true,1,1413097
7290008417105,false,קינמון טחון 110,נווה תבלין,,קינמון טחון 110,גרמים,110.00,100 גרם,false,,7.90,0.0718,true,1,1413098
7290008417242,false,תבלין אורגנו,נווה תבלין,,אורגנו 50,גרמים,50.00,100 גרם,false,,7.90,0.1580,true,1,1413109
7290008417402,false,תבלין בזיליקום,נווה תבלין,,בזיליקום 80,גרמים,80.00,100 גרם,false,,7.90,0.0988,true,1,1413116
7290008417426,false,פטרוזיליה יבשה 110 ג,נווה תבלין,,פטרוזיליה יבשה 110 ג,גרמים,110.00,100 גרם,false,,7.90,0.0718,true,1,1422019
7290008417464,false,תבלין לגריל עוף עם ע,נווה תבלין,,תבלין לגריל עוף עם ע,גרמים,120.00,100 גרם,false,,7.90,0.0658,true,1,1413119
7290008417501,false,תבלין בהרט,נווה תבלין,,בהרט 110,גרמים,110.00,100 גרם,false,,7.90,0.0718,true,1,1413121
7290008417631,false,פפריקה מתוקה 110,נווה תבלין,,פפריקה מתוקה 110,גרמים,110.00,100 גרם,false,,7.90,0.0718,true,1,1413123
7290008417655,false,מקלות קינמון במיכל פ,נווה תבלין,,מקלות קינמון 110,גרמים,110.00,100 גרם,false,,7.90,0.0718,true,1,1413125
7290008417815,false,פפריקה מתוקה מעושנת,נווה תבלין,,פפריקה מתוקה,גרמים,100.00,100 גרם,false,,7.90,0.0790,true,1,1422022
7290008462198,false,חרדל דיזיון חריף 210 גרם,מיילי,,חרדל דז'ון חריף 210,גרמים,210.00,100 גרם,false,,14.90,0.0710,true,1,1409115
7290008462259,false,חרדל דיז'ון גרגירים מיילי 380 גרם,בונגראן,,חרדל דז'ון גרגירים 3,גרמים,380.00,100 גרם,false,,16.90,0.0445,true,1,1409117
7290008464130,false,"בירה גולדסטאר Unfiltered, בירה לא מסוננת, מארז שישייה, בקבוק 330 מ""ל",טמפו,,בירה גולדסטאר לא מסו,מיליליטרים,1980.00,"100 מ""ל",false,,35.90,0.0181,true,1,1410693
7290008464468,false,"בירה גולדסטאר, פחית 500 מ""ל",פארייפאבה אגרואינדוס,,"גולדסטאר פחית 500 מ""",מיליליטרים,500.00,"100 מ""ל",false,,8.40,0.0168,true,1,1410702
7290008464505,false,סאן בנדטו בקבוק פלסטיק 500מל,אקווה מינרלה סאן בנדטו ב,,מים סאן בנדטו 500 מל,מיליליטרים,500.00,"100 מ""ל",false,,3.00,0.0060,true,1,1410703
7290008464697,false,"בירה מכבי 7.9%, בירה חזקה, מארז שישייה, בקבוק 330 מ""ל",טמפו,,מכבי 7.9% 330 שישייה,מיליליטרים,1980.00,"100 מ""ל",false,,35.90,0.0181,true,1,1410706
7290008464741,false,"בירה גולדסטאר, מארז שישייה, בקבוק 330 מ''ל","טמפו משקאות בע""\מ",,בירה גולד סטאר שישיי,מיליליטרים,1980.00,"100 מ""ל",false,,38.40,0.0194,true,1,1410708
7290008464789,true,פחית בירה גולדסטאר2,,,פחית בירה גולדסטאר2,יחידה,0.00,יחידה,false,,5.00,0.0000,true,1,1422937
7290008464987,false,שישיית מי סודה טמפו 1.5 ליטר,"טמפו משקאות בע""מ",,מי סודה במארז טמפו 6,מיליליטרים,1980.00,"100 מ""ל",false,,15.90,0.0080,true,1,1410712
7290008470735,true,מארז מסטיק פייב אבטי,,,מארז מסטיק פייב אבטי,גרמים,0.00,100 גרם,false,,16.00,0.0000,true,1,1430929
7290008470742,true,מארז מסטיק פייב ספיר,,,מארז מסטיק פייב ספיר,גרמים,0.00,100 גרם,false,,16.00,0.0000,true,1,1430930
7290008571968,true,פחזניות וניל/שוק' בי,,,פחזניות וניל/שוק' בי,יחידה,0.00,יחידה,false,,12.50,0.0000,true,1,1418643
7290008578110,true,כפפות לטקס L,,,כפפות לטקס L,יחידה,0.00,יחידה,false,,0.00,0.0000,true,1,1423276
7290008589376,true,תבנית אלומיניום R64,,,תבנית אלומיניום R64,יחידה,0.00,יחידה,false,,9.90,0.0000,true,1,1419444
7290008634700,true,"כפ ""לאטקס SAFE"" 100",,,"כפ ""לאטקס SAFE"" 100",יחידה,0.00,יחידה,false,,20.00,0.0000,true,1,1423526
7290008644112,false,סלט מטבוחה יום יום אחלה 125 גרם,"שטראוס גרופ בע""\מ",,סלט מטבוחה אחלה 125,גרמים,125.00,100 גרם,false,,4.70,0.0376,true,1,1405651
7290008645935,false,חומוס לניגוב 750 ג' אחלה,"שטראוס גרופ בע""\מ",,חומוס אחלה 750 גרם,גרמים,750.00,100 גרם,false,,10.90,0.0145,true,1,1405652
7290008670388,true,יין רקאנטי רוזה 750,,,יין רקאנטי רוזה 750,יחידה,0.00,יחידה,false,,70.50,0.0000,true,1,1426665
7290008693134,false,מעדן גבינה ויוגורט בטעם תות 5% שומן 88 ג' דניאלה,"שטראוס בריאות בע""מ",,"דניאלה תות 150 מ""ל",גרמים,150.00,100 גרם,false,,3.90,0.0260,true,1,1405653
7290008713900,false,לחם שיפון עגול פרוס אנג'ל 750 גרם,מאפיית אנג'\ל אורנים מאפ,,לחם שיפון עגול פרוס,גרמים,750.00,100 גרם,false,,12.90,0.0172,true,1,1406767
7290008745239,false,תפוצ'יפס קראנצ' בטעם טבעי עלית 50 גרם,"שטראוס פריטו ליי בע""\מ )",,תפוציפס קראנצ' טבעי,גרמים,50.00,100 גרם,false,,3.50,0.0700,true,1,1406140
7290008750264,false,"מסטיק מאסט ציקלס דובדבן 28 גרם לל""ס מגדים","שטראוס גרופ בע""מ",,מאסט דובדבן מגדים 28,גרמים,28.00,100 גרם,false,,4.50,0.1607,true,1,1416490
7290008752244,false,תפוצ'יפס קראנץ' בטעם גריל עלית 50 גרם,"שטראוס פריטו ליי בע""\מ )",,תפוציפס קראנצ' גריל,גרמים,50.00,100 גרם,false,,3.50,0.0700,true,1,1406142
7290008753111,false,תפוצ'יפס קראנץ' בטעם מקסיקני עלית 50 גרם,"שטראוס פריטו ליי בע""\מ )",,תפוציפס קראנצ מקסיקנ,גרמים,50.00,100 גרם,false,,3.50,0.0700,true,1,1406144
7290008753364,false,דוריטוס גריל עלית 55 ג',שטראוס פריטו ליי בע,,דוריטוס גריל 55 גרם,גרמים,55.00,100 גרם,false,,3.50,0.0636,true,1,1406145
7290008753371,false,דוריטוס נאצו מקסיקני 55 גר,STRAUSS-ISRAEL,,דוריטוס נאצ'ו 55 גרם,גרמים,55.00,100 גרם,false,,3.30,0.0600,true,1,1406146
7290008753388,false,דוריטוס טבעי עלית 55 ג',STRAUSS-ISRAEL,,דוריטוס טבעי 55 גר,גרמים,55.00,100 גרם,false,,3.50,0.0636,true,1,1406147
7290008757980,false,קרטונית ספרינג נקטר רימונים 1 ליטר,יפאורה שותפות מובגלת לשיווק,,ספרינג קרטוניות רימו,יחידה,1000.00,יחידה,false,,6.80,0.0068,true,1,1407584
7290008775892,true,פרפקפטו פסטה לינגוינ,,,פרפקפטו פסטה לינגוינ,גרמים,0.00,100 גרם,false,,6.90,0.0000,true,1,1407112
7290008801157,false,"יין מרלו סלקטד כרמל כרמל 750 מ""ל",כרמל מזרחי,,יין אדום מרלו סלקטד,מיליליטרים,750.00,"100 מ""ל",false,,29.10,0.0388,true,1,1417005
7290008801430,false,מיץ ענבים טבעי אדום תירוש,"כד בני דרום בע""מ",,תירוש אדום יקבי כרמל,מיליליטרים,750.00,"100 מ""ל",false,,15.20,0.0203,true,1,1417006
7290008801522,false,יין קינג דויד קונקורד אדום מתוק 750 מל,אגודת הכורמים הקואופרטיב,,יין אדום מתוק קונקור,מיליליטרים,750.00,"100 מ""ל",false,,19.10,0.0255,true,1,1417008
7290008801539,false,יין כרמל 120 קינג דיוויד יקבי כרמל,אגודת הכורמים הקואופרטיב,,יין כרמל קינג דיויד,מיליליטרים,750.00,"100 מ""ל",false,,19.90,0.0265,true,1,1417009
7290008801546,false,יין מוסקט מתוק קינג דיוויד יקבי כרמל,אגודת הכורמים הקואופרטיב,,יין לבן מתוק מוסקט ק,מיליליטרים,750.00,"100 מ""ל",false,,21.90,0.0292,true,1,1417010
7290008801843,false,"יין קברנה סוביניון סלקטד כרמל 750 מ""ל","כד בני דרום בע""מ",,יין אדום יבש קברנה ס,מיליליטרים,750.00,"100 מ""ל",false,,29.10,0.0388,true,1,1417011
7290008801850,false,סלקטד אמרלד ריזלינג לבן חצי יבש 750 מל,אגודת הכורמים הקואופרטיב,,יין לבן חצי יבש אמרל,מיליליטרים,750.00,"100 מ""ל",false,,29.90,0.0399,true,1,1417012
7290008802512,false,"יין וינו אדום ""כרמל מזרחי""",כרמל מזרחי,,יין אדום יבש וינו 75,מיליליטרים,750.00,"100 מ""ל",false,,22.20,0.0296,true,1,1417014
7290008802895,false,יין קברנה סוביניון פרייבט קולקשן יקבי כרמל,אגודת הכורמים הקאופורטיב,,יין אדום יבש קברנה ס,מיליליטרים,750.00,"100 מ""ל",false,,39.90,0.0532,true,1,1417016
7290008806985,false,נישנושים גלידה שוקו וניל בציפוי שוקולד 60 יח' קרמיסימו,"גלידת שטראוס בע""\מ, רחוב",,קרמיסימו נשנושים שוק,יחידה,60.00,יחידה,false,,39.80,0.6633,true,1,1416805
7290008807012,true,יין בנימינה מתוק מוס,,,יין בנימינה מתוק מוס,יחידה,0.00,יחידה,false,,24.90,0.0000,true,1,1414876
7290008811538,true,משחק חשיבה 3ב-1,,,משחק חשיבה 3ב-1,יחידה,0.00,יחידה,false,,9.90,0.0000,true,1,1420418
7290008811743,true,ערכת יצירה-קושקוש טי,,,ערכת יצירה-קושקוש טי,יחידה,0.00,יחידה,false,,11.90,0.0000,true,1,1420420
7290008811767,false,COVER TABLEכיסוי לשו,חד פעמי 8 ב 10,,COVER TABLEכיסוי לשו,יחידה,0.00,יחידה,false,,1.90,0.0000,true,1,1420422
7290008811781,false,CUPכוסות יום הולדת-,חד פעמי 8 ב 10,,CUPכוסות יום הולדת-,יחידה,0.00,יחידה,false,,1.90,0.0000,true,1,1420424
7290008811828,false,GAB TFIG שקיות יום ה,,,GAB TFIG שקיות יום ה,יחידה,0.00,יחידה,false,,1.90,0.0000,true,1,1421599
7290008836180,true,יין ישראלי קברנה סוב,,,יין ישראלי קברנה סוב,יחידה,0.00,יחידה,false,,24.90,0.0000,true,1,1426766
7290008836210,true,יין ישראלי סוביניון,,,יין ישראלי סוביניון,יחידה,0.00,יחידה,false,,24.90,0.0000,true,1,1426767
7290008863001,true,עוגת ג'ינג'י 450גר',,,עוגת ג'ינג'י 450גר',יחידה,0.00,יחידה,false,,39.90,0.0000,true,1,1420165
7290008863049,true,עוג' גדולה עגולה בטע,,,עוג' גדולה עגולה בטע,יחידה,0.00,יחידה,false,,75.00,0.0000,true,1,1420166
7290008863063,true,עוגיות ריבת חלב 600ג,,,עוגיות ריבת חלב 600ג,יחידה,0.00,יחידה,false,,45.00,0.0000,true,1,1425538
7290008909884,false,"קוקה קולה זירו 350 מ""ל בקבוק זכוכית",החברה המרכזית לייצור משק,,"קולה זירו 350 מ""ל בק",מיליליטרים,350.00,"100 מ""ל",false,,5.50,0.0157,true,1,1413494
7290008921343,true,יין אסטייט סובניון ב,,,יין אסטייט סובניון ב,יחידה,0.00,יחידה,false,,49.90,0.0000,true,1,1427321
7290009004366,true,תירס ארוז,,,תירס ארוז,קילוגרמים,1.00,"ק""ג",true,,14.90,14.9000,true,1,1428974
7290010002078,false,פלפל שחור טחון תבליני מימון 100 גרם,א.ל ייצור ושיווק תבלינים,,פלפל שחור טחון במיכל,גרמים,100.00,100 גרם,false,,15.50,0.1550,true,1,1413927
7290010002092,false,תבלין פלפל שחור גרוס דק תבליני מימון 90,א.ל ייצור ושיווק תבלינים,,פלפל שחור גרוס דק במ,גרמים,90.00,100 גרם,false,,14.50,0.1611,true,1,1413928
7290010002153,false,פפריקה מרוקאית חריפה תבליני מימון 100 גרם,א.ל ייצור ושיווק תבלינים,,פפריקה מרוקאית חריפה,גרמים,100.00,100 גרם,false,,11.90,0.1190,true,1,1413933
7290010002344,false,תבלין לדג תבליני מימון 100 גרם.,א.ל ייצור ושיווק תבלינים,,תיבול לדג 100 גרם צנ,גרמים,100.00,100 גרם,false,,11.90,0.1190,true,1,1440326
7290010002375,false,קארי תבליני מימון 100 גרם,א.ל ייצור ושיווק תבל,,תערובת קארי במיכל תב,גרמים,100.00,100 גרם,false,,11.90,0.1190,true,1,1413943
7290010002498,false,תבלין שום גבישי תבליני מימון 120 גרם,א.ל ייצור ושיווק תבלינים,,שום גבישי במיכל תבלי,גרמים,120.00,100 גרם,false,,14.50,0.1208,true,1,1413949
7290010003693,false,פפריקה מתוקה בשקית תבליני מימון 80 גרם,א.ל ייצור ושיווק תבל,,פפריקה מתוקה בשקית ת,גרמים,80.00,100 גרם,false,,5.90,0.0738,true,1,1413955
7290010003709,false,פלפל שחור טחון בשקית תבליני מימון 50 גרם,א.ל ייצור ושיווק תבל,,פלפל שחור טחון בשקית,גרמים,50.00,100 גרם,false,,7.70,0.1540,true,1,1413956
7290010003754,false,כמון טחון בשקית תבליני תבליני מימון 50 גרם,א.ל ייצור ושיווק תבל,,כמון טחון בשקית מימו,גרמים,50.00,100 גרם,false,,5.90,0.1180,true,1,1413957
7290010003761,false,כורכום טחון בשקית תבליני מימון 80 גרם,א.ל ייצור ושיווק תבל,,כורכום טחון בשקית תב,גרמים,80.00,100 גרם,false,,6.30,0.0787,true,1,1413958
7290010003778,false,תיבול לגריל עוף בשקית תבליני מימון 80 גרם,א.ל ייצור ושיווק תבל,,תיבול לגריל עוף בשקי,גרמים,80.00,100 גרם,false,,5.90,0.0738,true,1,1413959
7290010003792,false,מלח לימון בשקית תבליני מימון 100 גרם,א.ל ייצור ושיווק תבל,,מלח לימון בשקית תבלי,גרמים,100.00,100 גרם,false,,5.90,0.0590,true,1,1413961
7290010003839,false,קינמון טחון בשקית תבליני מימון 80 גרם,א.ל ייצור ושיווק תבל,,קינמון טחון בשקית תב,גרמים,80.00,100 גרם,false,,6.30,0.0787,true,1,1413964
7290010016464,true,טורט/מוס גדול,,,טורט/מוס גדול,יחידה,0.00,יחידה,false,,89.90,0.0000,true,1,1420550
7290010042180,true,גרעיני תירס 800 גר',,,גרעיני תירס 800 גר',יחידה,0.00,יחידה,false,,9.90,0.0000,true,1,1420176
7290010049806,true,טוסו עוגיות סנדוויץ,,,טוסו עוגיות סנדוויץ,גרמים,0.00,100 גרם,false,,10.00,0.0000,true,1,1410393
7290010065332,false,מחית תפוח עץ בננה ג'וניור פרינוק 190 גרם,פרוטה פודווין איי.אס,,פרינוק מחית תפוחי עץ,גרמים,190.00,100 גרם,false,,6.50,0.0342,true,1,1408857
7290010065349,false,מחית סלט פירות ג'וניור פרינוק 190 גרם,פרוטה פודווין איי.אס,,פרינוק סלט פירות 190,גרמים,190.00,100 גרם,false,,6.50,0.0342,true,1,1408858
7290010065745,false,מחית לפתן פירות ג'וניור פרינוק 190 גרם,פרוטה פודווין איי.אס,,מחית ג'וניור לפתן פי,גרמים,190.00,100 גרם,false,,7.90,0.0416,true,1,1441808
7290010072262,true,עוגת שמרים שוקולד25,,,עוגת שמרים שוקולד25,יחידה,0.00,יחידה,false,,5.00,0.0000,true,1,1422938
7290010072279,true,עוגת שמרים קינמון25,,,עוגת שמרים קינמון25,יחידה,0.00,יחידה,false,,5.00,0.0000,true,1,1422939
7290010116980,false,אבקת שוקולית שקית עלית 850 ג',הנסיך- מפעל לייצור ט,,שוקולית 850 גרם,גרמים,850.00,100 גרם,false,,14.90,0.0175,true,1,1416500
7290010117857,false,דוריטוס חריף אש 55 ג' עלית,STRAUSS-ISRAEL,,דוריטוס חריף אש 55 ג,גרמים,55.00,100 גרם,false,,3.50,0.0636,true,1,1406148
7290010117970,false,סבבה בוטנים קלויים מצופים - אריזה אישית,"שטראוס פריטו ליי בע""",,בוטנים אמריקאים 50 ג,גרמים,50.00,100 גרם,false,,2.90,0.0580,true,1,1406149
7290010119950,false,דוריטוס חמוץ חריף 55 גרם-סטריפ,שטראוס גרופ,,דוריטוס חמוץ חריף 55,גרמים,55.00,100 גרם,false,,3.50,0.0636,true,1,1406150
7290010129003,false,עוגיות אוזניים 600 גרם,ק.א. ומשווק בבלעדיות על,,עוגיות אוזניים 600 ג,גרמים,600.00,100 גרם,false,,19.90,0.0332,true,1,1414055
7290010129010,false,עוג.כתר במילוי ריבה 600ג,ק.א. ומשווק בבלעדיות על,,עוגיות כתר ריבה 600,גרמים,600.00,100 גרם,false,,19.90,0.0332,true,1,1414056
7290010129027,false,עוגיות מרוקאיות 600 גרם,השוואת מחירונים,,עוגיות מרוקאיות 600,גרמים,600.00,100 גרם,false,,19.90,0.0332,true,1,1414057
7290010129300,false,עוגיות רייף מרוקאיות 350 גרם,קונדטוריית אנגל,,עוגיות רייף מרוקאיות,גרמים,350.00,100 גרם,false,,16.90,0.0483,true,1,1414071
7290010129348,false,עוגיות בטעם שוקולד 600גר,ק.א. ומשווק בבלעדיות על,,עוגיות ממולאות בטעם,גרמים,600.00,100 גרם,false,,19.90,0.0332,true,1,1414074
7290010129652,false,עוגיות לקפה דולצ'ה ו,קונדטוריית אנגל,,עוגיות לקפה 350 גרם,גרמים,350.00,100 גרם,false,,16.90,0.0483,true,1,1414082
7290010129720,false,עוגיות שמרים קינמון 400 גרם דולצה ויטה,שיבולים א.ד.ל,,עוגיות שמרים שניק קי,גרמים,400.00,100 גרם,false,,11.90,0.0298,true,1,1433924
7290010129942,false,עוגיות שמרים 500 גרם דולצה ויטה,קונדטוריית אנגל,,עוגת קראנץ שמרים שוק,גרמים,500.00,100 גרם,false,,12.90,0.0258,true,1,1414086
7290010153534,true,"קמח תירס מיה 400 ג """,,,"קמח תירס מיה 400 ג """,יחידה,0.00,יחידה,false,,0.00,0.0000,true,1,1423277
7290010175048,false,מיץ בטעם לימון משומר 1 ליטר טעמן,טעמן,,מיץ לימון משומר 1 לי,מיליליטרים,1000.00,"100 מ""ל",false,,5.10,0.0051,true,1,1408306
7290010237531,false,פפסי קולה פלסטיק 500מל,סנו מפעלי ברונוס.,,"פפסי קולה 500 מ""ל",מיליליטרים,500.00,"100 מ""ל",false,,4.50,0.0090,true,1,1410714
7290010237579,false,משקה סבן אפ קוול 500,"טמפו משקאות בע""מ",,"סבן אפ 500 מ""ל",מיליליטרים,500.00,"100 מ""ל",false,,4.50,0.0090,true,1,1410717
7290010259045,true,לורפק לייטר + מלח25,,,לורפק לייטר + מלח25,יחידה,0.00,יחידה,false,,0.00,0.0000,true,1,1423516
7290010259359,false,וילי פוד נודלס אטר.ביצים להקפצה בדץ 200ג,פוג'יאן לונגהאי אנלי,,אטריות רחבות נודלס ו,גרמים,200.00,100 גרם,false,,4.90,0.0245,true,1,1408417
7290010259366,false,וילי פוד נודלס אטר.ביצים מסולסל בדץ 200ג,פוג'יאן לונגהאי אנלי,,אטריות מסולסלות נודל,גרמים,200.00,100 גרם,false,,4.90,0.0245,true,1,1408418
7290010259847,false,מנת השף מרק עם נודלס בטעם תירס ויליפוד 70 גרם,קריות זול,,מנת השף נודלס בטעם ת,גרמים,70.00,100 גרם,false,,5.50,0.0786,true,1,1408421
7290010259854,false,מנת השף מרק עם נודלס בטעם פטריות ויליפוד 70 גרם,נמצ'או(תאילנד) בעמ,,נודלס מנת השף בטעם פ,גרמים,70.00,100 גרם,false,,5.50,0.0786,true,1,1408422
7290010259977,false,שמן קנולה מזוכך ויליפוד 1 ליטר,בונגי פולין אס.פי.זד,,שמן קנולה 1 ליטר,מיליליטרים,1000.00,"100 מ""ל",false,,10.90,0.0109,true,1,1408427
7290010259991,false,צנימים מיוחדים בטעם טבעי 250 ג',קריות זול,,צנימים ויליפוד 250 ג,גרמים,250.00,100 גרם,false,,8.90,0.0356,true,1,1408428
7290010287260,true,"""יין ישן נושן 057 מ""",,,"""יין ישן נושן 057 מ""",יחידה,0.00,יחידה,false,,11.90,0.0000,true,1,1421291
7290010300389,false,כרית יפניות עבות חמישייה אלפא,שלמה חביב,,5 כריות יפניות אלפא,יחידה,5.00,יחידה,false,,9.90,1.9800,true,1,1410298
7290010300532,false,חומץ סינטטי 5% נאמן,הילל תעשיות,,חומץ סינטטי 5% 1 ליט,מיליליטרים,1000.00,"100 מ""ל",false,,4.90,0.0049,true,1,1410303
7290010300556,true,שקיות ידית זוג 2*20,,,שקיות ידית זוג 2*20,יחידה,0.00,יחידה,false,,13.90,0.0000,true,1,1423842
7290010300563,false,שקיות צליה 10 יח',oylum,,שקיות צליה 10 יח',יחידה,10.00,יחידה,false,,5.50,0.5500,true,1,1410305
7290010300570,false,קוקוס טחון נאמן 200 ג',ר.ס.,,קוקוס טחון נאמן 200,גרמים,200.00,100 גרם,false,,8.50,0.0425,true,1,1410306
7290010300587,false,שומשום 200 גרם נאמן,ר.ס.,,שומשום 200 גרם נאמן,גרמים,200.00,100 גרם,false,,8.00,0.0400,true,1,1410307
7290010300891,false,גביעים לעוגה גודל מס,התשב,,גביעים לעוגה גודל מס,יחידה,1.00,יחידה,false,,7.50,7.5000,true,1,1421112
7290010300921,false,סוכר דמררה בקופסא הש,SUGRAIN,,סוכר דמררה בקופסא הש,יחידה,0.00,יחידה,false,,13.50,0.0000,true,1,1425886
7290010328246,false,טחינה גולמית משומשום מלא אחווה 500 גרם,"אחדות ביח""ר לטחינה ח",,טחינה גולמית משומשום,גרמים,500.00,100 גרם,false,,12.90,0.0258,true,1,1428112
7290010328253,false,טחינה גולמית משומשום טבעי אחווה 500 גרם,"אחדות ביח""ר לטחינה ח",,טחינה גולמית אחוה 50,גרמים,500.00,100 גרם,false,,12.90,0.0258,true,1,1410465
7290010328468,false,מארז מיני חלווה אחוה בטעמים 18 יחידות 216 גרם,שוורצקוף& הנקל דיסלד,,מיני חלווה חטיפי חלו,יחידה,18.00,יחידה,false,,11.90,0.6611,true,1,1413241
7290010328505,false,"מארז מיני חלווה 15 יחידות לל""ס אחוה 150 גרם",אחדות ביחר לטחינה חל,,חטיפי מיני חלווה ללא,יחידה,15.00,יחידה,false,,11.90,0.7933,true,1,1413242
7290010328994,true,חלוה פיסטוק במגש200,,,חלוה פיסטוק במגש200,יחידה,0.00,יחידה,false,,6.00,0.0000,true,1,1423146
7290010429554,false,"שמן זית כתית מעולה יד מרדכי 2 קלאסי, 750 מ""ל",מכוורת יד מרדכי שטראוס ב,,שמן זית כתית מעולה ק,מיליליטרים,750.00,"100 מ""ל",false,,31.90,0.0425,true,1,1416502
7290010471669,false,יוגורט תות עם קורנפלקס מצופה שוקולד ללא גלוטן 3.9%,"שטראוס בריאות בע""\מ",,דנונה בר תות קורנפלק,גרמים,175.00,100 גרם,false,,4.30,0.0246,true,1,1405654
7290010472307,false,"שמיניית משקה גמדים תות בננה דיסני 108 מ""ל",מיוצר עי קונדיטוריית,,גמדים תות בננה 8*100,מיליליטרים,800.00,"100 מ""ל",false,,19.90,0.0249,true,1,1405656
7290010513727,false,פנקו פרורי לחם 200 גרם (קינגדאו),קינגדאו גוניון פודס,,פנקו פירורי לחם 200,גרמים,200.00,100 גרם,false,,7.90,0.0395,true,1,1412123
7290010627004,false,טחינה גולמית מסורתית ירושלים 500 ג',"בראשית ירושלים בע""מ",,טחינה ירושלים 500 גר,גרמים,500.00,100 גרם,false,,15.90,0.0318,true,1,1406686
7290010632763,true,"כפות ח""פ 100 יחידות",,,"כפות ח""פ 100 יחידות",יחידה,0.00,יחידה,false,,6.00,0.0000,true,1,1423539
7290010690060,true,שורש פיטרוזיליה,,,שורש פיטרוזיליה,יחידה,0.00,יחידה,false,,4.90,0.0000,true,1,1418647
7290010690558,true,עלי בייבי,,,עלי בייבי,יחידה,0.00,יחידה,false,,8.90,0.0000,true,1,1418648
7290010711673,true,100 שקיות אוכל מנייר,,,100שקיות אוכל מנייר,יחידה,0.00,יחידה,false,,10.00,0.0000,true,1,1423127
7290010778058,true,"פטוציני 0.5 ג """,,,"פטוציני 0.5 ג """,יחידה,0.00,יחידה,false,,0.00,0.0000,true,1,1423278
7290010778157,true,רביולי ריקוטה ותרד0,,,רביולי ריקוטה ותרד0,יחידה,0.00,יחידה,false,,0.00,0.0000,true,1,1423279
7290010778171,true,"רביולי בטטה 0.5 ג """,,,"רביולי בטטה 0.5 ג """,יחידה,0.00,יחידה,false,,0.00,0.0000,true,1,1423280
7290010778218,true,רוטב שמנת ופטריות24,,,רוטב שמנת ופטריות24,יחידה,0.00,יחידה,false,,0.00,0.0000,true,1,1423499
7290010778263,true,רביולי גבינות צאן0.,,,רביולי גבינות צאן0.,יחידה,0.00,יחידה,false,,0.00,0.0000,true,1,1423281
7290010778300,true,"רביולי מוצרלה 0.5 ג""",,,"רביולי מוצרלה 0.5 ג""",יחידה,0.00,יחידה,false,,0.00,0.0000,true,1,1423282
7290010814244,false,שלשות שוקולד מריר 85 גרם*3 בלמינט *18 בקרטון,"כרמית תעשיות ממתקים בע""\",,שוקולד מריר 60% מוצק,גרמים,255.00,100 גרם,false,,9.80,0.0384,true,1,1407948
7290010814695,false,שוקולד מריר פרווה ללא תוספת סוכר כרמית 85 גרם,"כרמית תעשיות ממתקים בע""\",,שוקולד מריר פרווה לל,גרמים,85.00,100 גרם,false,,4.90,0.0576,true,1,1407951
7290010814701,false,שוקולד חלב ללא תוספת סוכר וסטהיים,"כרמית תעשיות ממתקים בע""\",,שוקולד חלב ללא תוספת,גרמים,85.00,100 גרם,false,,4.90,0.0576,true,1,1407952
7290010849505,false,יין למברוסקו די לואיג'י רוסו דולצ'ה,פארייפאבה אגרואינדוס,,למברוסקו די לואיג'י,מיליליטרים,750.00,"100 מ""ל",false,,32.60,0.0435,true,1,1411861
7290010903344,false,אצבעות שניצל רמי לוי 1 קג,,,אצבעות שניצל רמי לוי,גרמים,1000.00,100 גרם,false,,34.90,0.0349,true,1,1434465
7290010931330,false,סלט מטבוחה אחלה 500 גרם,מיוצר עי קונדיטוריית,,מטבוחה 500,גרמים,575.00,100 גרם,false,,13.80,0.0240,true,1,1405659
7290010945146,false,קוטג' 3% מועשר בסידן טרה 250 ג' מהדרין,קריות זול,,גבינת קוטג' מועשרת 3,גרמים,250.00,100 גרם,false,,5.50,0.0220,true,1,1413606
7290010945306,false,חלב 3% בקרטון טרה 2 ליטר,הפריט בפיקוח,,חלב טרי בקרטון 3% בד,מיליליטרים,2000.00,"100 מ""ל",false,,12.46,0.0062,true,1,1413607
7290010945450,false,גבינה לבנה 3% 250 גר מועשר בסידן וויטמין,הפריט בפיקוח,,גבינה לבנה 3% טרה 25,גרמים,250.00,100 גרם,false,,4.98,0.0199,true,1,1413608
7290010945481,false,גבינה לבנה טרה 5% מרכיבים טבעיים,הפריט בפיקוח,,גבינה לבנה 5% טרה 50,גרמים,500.00,100 גרם,false,,9.95,0.0199,true,1,1413609
7290010955619,false,"יין רימונים 750 מ""ל lightly",יקב רימון,,שיכר רימונים לייטלי,מיליליטרים,750.00,"100 מ""ל",false,,59.90,0.0799,true,1,1422093
7290010955824,false,יין רוזה סמי סוויט 750 מל,יקב רימון,,יין רוזה חצי מתוק עש,מיליליטרים,750.00,"100 מ""ל",false,,59.90,0.0799,true,1,1424904
7290010961016,true,דוגן מזלג פלסטיק100,,,דוגן מזלג פלסטיק100,יחידה,0.00,יחידה,false,,2999.90,0.0000,true,1,1422940
7290010962112,true,רסק פלפלים A2,,,רסק פלפלים A2,יחידה,0.00,יחידה,false,,0.00,0.0000,true,1,1426669
7290010970223,true,חומץ בן יין אדום500,,,חומץ בן יין אדום500,יחידה,0.00,יחידה,false,,0.00,0.0000,true,1,1423283
7290010984879,false,שום כתוש בצנצנת 200ג רמילוי,,,שום כתוש קפוא בצנצנת,גרמים,200.00,100 גרם,false,,11.90,0.0595,true,1,1427680
7290011016524,true,פריגת מיץ תפוזים 100,,,פריגת מיץ תפוזים100,יחידה,0.00,יחידה,false,,0.00,0.0000,true,1,1423284
7290011017606,true,משקה מוגז פאנטה לימו,,,משקה מוגז פאנטה לימו,יחידה,0.00,יחידה,false,,6.90,0.0000,true,1,1413497
7290011017866,false,קוקה קולה קלאסי בפחית,החברה המרכזית לייצור משקאות,,סליק קוקה קולה 330 מ,מיליליטרים,330.00,"100 מ""ל",false,,6.20,0.0188,true,1,1413498
7290011017873,false,"פחיות קוקה קולה זירו 330 מ""ל",החברה המרכזית לייצור משקאות,,סליק קולה ZERO 330 מ,מיליליטרים,330.00,"100 מ""ל",false,,6.20,0.0188,true,1,1413499
7290011018184,false,פיוז טי תה קר בטעם אפרסק,מבשלות בירה בינלאומי,,FUZE tea אפרסק 0.5 ל,מיליליטרים,500.00,"100 מ""ל",false,,8.40,0.0168,true,1,1413501
7290011018214,false,פיוז טי תה קר בטעם מנגו אננס,פארייפאבה אגרואינדוס,,FUZE tea מנגו אננס 0,מיליליטרים,500.00,"100 מ""ל",false,,8.40,0.0168,true,1,1413503
7290011018443,false,"פנטה אורנג פחית סליק 330 מ""ל",החברה המרכזית לייצור משקאות,,סליק פאנטה אורנג' 33,מיליליטרים,330.00,"100 מ""ל",false,,6.20,0.0188,true,1,1413508
7290011018832,false,"קוקה קולה פרידגפק סליק 330 מ""ל שישייה",החברה המרכזית לייצור משקאות,,שישית פחיות קוקה קול,מיליליטרים,1980.00,"100 מ""ל",false,,26.70,0.0135,true,1,1413512
7290011018917,false,ק.קולה זירו פרידגפק סליק 330 מל שישייה,החברה המרכזית לייצור משקאות,,שישיית פחיות זירו קו,מיליליטרים,1980.00,"100 מ""ל",false,,25.70,0.0130,true,1,1413513
7290011043049,false,כוסות נייר שתיה חמה,כוסות שתייה חמה 3 ב,,כוסות נייר שתיה חמה,יחידה,50.00,יחידה,false,,11.90,0.2380,true,1,1432410
7290011051525,true,ספרינג Tea אפרסק0.,,,ספרינג Tea אפרסק0.,יחידה,0.00,יחידה,false,,6.00,0.0000,true,1,1423599
7290011064075,false,מעדן לבנה מסבחה -אבו גוש 200 גרם,גבינות אמיר ניצן בעמ,,ניצן אבו גוש מעדן לא,גרמים,200.00,100 גרם,false,,13.90,0.0695,true,1,1419972
7290011115241,true,אל סבון לחות נקה 7,,,אל סבון לחות נקה 7,יחידה,0.00,יחידה,false,,0.00,0.0000,true,1,1423390
7290011126957,false,תה ירוק ויסוצקי ארל גריי 25 שקיקים,ויסוצקי ירוק,,תה ירוק ארל גריי ויס,יחידה,25.00,יחידה,false,,24.90,0.9960,true,1,1406690
7290011132620,true,שישיית שנדי אבטיח33,,,שישיית שנדי אבטיח33,יחידה,0.00,יחידה,false,,2999.90,0.0000,true,1,1422941
7290011133849,true,חבית בירה גולדסטאר2,,,חבית בירה גולדסטאר2,יחידה,0.00,יחידה,false,,0.00,0.0000,true,1,1423497
7290011148591,false,כרובית ארוזה ליח 50,עטרה,,כרובית,יח',1.00,יח',false,,9.90,9.9000,true,1,1438148
7290011148911,true,מיני פלפל ארוז,,,מיני פלפל ארוז,יחידה,0.00,יחידה,false,,9.90,0.0000,true,1,1418649
7290011194215,false,מעדן גבינה ויוגורט בטעם בננה 5% שומן 88 ג' דניאלה,"שטראוס בריאות בע""מ",,דניאלה בננה 150 גרם,גרמים,150.00,100 גרם,false,,3.90,0.0260,true,1,1405660
7290011194246,false,קוטג' 5% עם סידן 250 ג' שטראוס,מיוצר עי קונדיטוריית,,גבינת קוטג 5% שטראוס,גרמים,250.00,100 גרם,false,,5.90,0.0236,true,1,1405661
7290011240332,true,"תירוש ענבים 1 ל """,,,"תירוש ענבים 1 ל """,יחידה,0.00,יחידה,false,,0.00,0.0000,true,1,1423285
7290011240349,true,"תירוש ענבים לבן 1 ל""",,,"תירוש ענבים לבן 1 ל""",יחידה,0.00,יחידה,false,,0.00,0.0000,true,1,1423571
7290011240516,true,קברנה דור 2,,,קברנה דור 2,יחידה,0.00,יחידה,false,,0.00,0.0000,true,1,1423286
7290011240530,true,מרלו דור 2,,,מרלו דור 2,יחידה,0.00,יחידה,false,,0.00,0.0000,true,1,1423287
7290011240554,true,קברנה פרנק דור 5,,,קברנה פרנק דור 5,יחידה,0.00,יחידה,false,,0.00,0.0000,true,1,1423288
7290011240585,true,קברנה דור 7,,,קברנה דור 7,יחידה,0.00,יחידה,false,,0.00,0.0000,true,1,1423289
7290011240615,true,שרדונה דור 5,,,שרדונה דור 5,יחידה,0.00,יחידה,false,,0.00,0.0000,true,1,1423391
7290011240769,true,שנין בלאן דור 4,,,שנין בלאן דור 4,יחידה,0.00,יחידה,false,,0.00,0.0000,true,1,1423290
7290011240783,true,מרסלן דור 4,,,מרסלן דור 4,יחידה,0.00,יחידה,false,,0.00,0.0000,true,1,1423392
7290011240790,true,מלבק דור 4,,,מלבק דור 4,יחידה,0.00,יחידה,false,,0.00,0.0000,true,1,1423291
7290011240813,true,ברברה דור 4,,,ברברה דור 4,יחידה,0.00,יחידה,false,,0.00,0.0000,true,1,1423292
7290011240820,true,מרלו דור 7,,,מרלו דור 7,יחידה,0.00,יחידה,false,,0.00,0.0000,true,1,1423293
7290011249212,false,וופל עלמה בלגי לימון 200 גר' ללא סוכר,"גילרו בע""מ",,ופלים בטעם לימון עלמ,גרמים,200.00,100 גרם,false,,3.50,0.0175,true,1,1419507
7290011249748,false,רולים גלילי ופל במילוי קרם שוקולד 100 ג' עלמה,"גילרו בע""מ",,רולים שוקו 100 גרם,גרמים,100.00,100 גרם,false,,3.90,0.0390,true,1,1413245
7290011276485,false,חסה עגולה רמי לוי,,,חסה עגולה רמי לוי,יחידה,1.00,יחידה,false,,6.90,6.9000,true,1,1420913
7290011378776,false,חטיף חלווה פיסטוק בארכה 126 גרם מארז 7 יחידות,"רושדי תעשיות מזון בע""\מ",,חלבה בקטנה חטיף וניל,גרמים,126.00,100 גרם,false,,10.90,0.0865,true,1,1407120
7290011407506,false,מגבונים לניקוי כללי,א.ש.כ,,מגבונים לניקוי כללי,יחידה,400.00,יחידה,false,,19.90,0.0497,true,1,1415079
7290011432751,false,שקית גופיה רמי לוי ב,,,שקית גופיה רמי לוי ב,קילוגרמים,1.00,"ק""ג",false,,0.10,0.1000,true,1,1434621
7290011432775,false,שקית גופיה סופרקופיק,,,שקית גופיה סופרקופיק,יחידה,1.00,יחידה,false,,0.10,0.1000,true,1,1430781
7290011438142,false,"משקה יטבתה אייס קפה בבקבוק אישי 350 מ""ל",מחלבת יטבתה,,אייס קפה 2% יטבתה 35,מיליליטרים,350.00,"100 מ""ל",false,,6.20,0.0177,true,1,1405663
7290011459307,true,מגב קליק 40,,,מגב קליק 40,יחידה,0.00,יחידה,false,,11.90,0.0000,true,1,1418733
7290011499112,false,בולגרית מסורתית 16% 250 גרם - רבנות,"מיוצר ע""י dsh",,גבינה בולגרית 16% 25,גרמים,250.00,100 גרם,false,,21.90,0.0876,true,1,1413772
7290011499419,false,גבינה במרקם שמנת בטעם טבעי 5% ניו יורק,גבינות מדף,,גבינה במרקם שמנת ניו,גרמים,200.00,100 גרם,false,,11.40,0.0570,true,1,1413781
7290011499624,false,שמנת 30% ניו יורק טבעי 200 גרם רבנות,גבינות מדף,,גבינת שמנת ניו יורק,גרמים,200.00,100 גרם,false,,12.90,0.0645,true,1,1413783
7290011505165,true,"כוסות פלסטיק ""הוסטס""",,,"כוסות פלסטיק"" הוסטס""",יחידה,0.00,יחידה,false,,5.00,0.0000,true,1,1423546
7290011518561,false,"אקטימל תות 1.51 ק""ג מארז 14 יחידות",מיוצר עי קונדיטוריית,,"אקטימל תות 14*100 מ""",מיליליטרים,1400.00,"100 מ""ל",false,,28.90,0.0206,true,1,1405665
7290011530075,true,שיפוד שישליק מתובל1,,,שיפוד שישליק מתובל1,יחידה,0.00,יחידה,false,,5.00,0.0000,true,1,1422943
7290011530082,true,שיפוד שישליק מעובד1,,,שיפוד שישליק מעובד1,יחידה,0.00,יחידה,false,,5.00,0.0000,true,1,1422944
7290011537371,false,פסטה קונכיות 500 גרם טעמן,מוצרי יסוד - טעמן,,פסטה בילאג'יו קונכיו,גרמים,500.00,100 גרם,false,,4.90,0.0098,true,1,1439342
7290011575007,false,"הפי מרסס שומר ברק למקלחון 750 מ""ל",יעקובי הפי,,מרסס שומר ברק למקלחו,מיליליטרים,750.00,"100 מ""ל",false,,18.90,0.0252,true,1,1439119
7290011575854,true,"טבליות למדיח 40 יח """,,,"טבליות למדיח 40 יח """,יחידה,0.00,יחידה,false,,0.00,0.0000,true,1,1423295
7290011587055,false,שמן זית כתית מעולה ת,,,שמן זית כתית מעולה ת,מיליליטרים,750.00,"100 מ""ל",false,,29.90,0.0399,true,1,1439926
7290011587123,false,קרם קוקוס תומר 400 מ,Thai coconut co ltd,,קרם אגוזי קוקוס 400,מיליליטרים,400.00,"100 מ""ל",false,,10.00,0.0250,true,1,1407803
7290011587468,false,מוזלי קראנצי בתוספת אגוזים ויטליה 600 גרם,Vitalia nikola ltd,,מוזלי קראנצ'י +אגוז,גרמים,600.00,100 גרם,false,,13.90,0.0232,true,1,1407808
7290011593087,true,שמן זית כתית מעולה7,,,שמן זית כתית מעולה7,יחידה,0.00,יחידה,false,,0.00,0.0000,true,1,1423296
7290011598211,false,"סנו - אנטי קאלק מרסס ניקוי כללי 4 ב-1 700 מ""ל",מיוצר עי קונדיטוריית,,אנטי קאלק מרסס 4 ב-,מיליליטרים,750.00,"100 מ""ל",false,,17.90,0.0239,true,1,1410124
7290011598259,false,"פרש מטהר אוויר אוטומטי בניחוח מאסק סנו 250 מ""ל",סנו מפעלי ברונוס בעמ,,מילוי פרש אוטומטיק מ,מיליליטרים,350.00,"100 מ""ל",false,,12.90,0.0369,true,1,1428142
7290011615260,false,"טורטייה 20 ס""מ קוטר וילי פוד 540 גר",מוטלוקל גידה סאנאי ט,,טורטייה ויליפוד 540,גרמים,540.00,100 גרם,false,,8.90,0.0165,true,1,1408429
7290011656286,true,סוכ' סודה לבבות 1.5,,,סוכ' סודה לבבות 1.5,יחידה,0.00,יחידה,false,,39.90,0.0000,true,1,1426775
7290011656348,true,סוכ' לב לבן סודה שק',,,סוכ' לב לבן סודה שק',יחידה,0.00,יחידה,false,,39.90,0.0000,true,1,1426776
7290011656416,true,סוכ' לב כחול סודה שק,,,סוכ' לב כחול סודה שק,יחידה,0.00,יחידה,false,,39.90,0.0000,true,1,1426777
7290011656553,true,סוכ' לב סגול סודה שק,,,סוכ' לב סגול סודה שק,יחידה,0.00,יחידה,false,,39.90,0.0000,true,1,1424965
7290011656645,true,סוכ' סודה לב ורוד 1ק,,,סוכ' סודה לב ורוד 1ק,יחידה,0.00,יחידה,false,,29.90,0.0000,true,1,1424968
7290011668570,false,בריא מהטבע גרנולה פירות יבשים 450 גרם פנינה רוזנבלום,בריא מהטבע פנינה רוזנבלום,,גרנולה פירות יבשים 4,גרמים,450.00,100 גרם,false,,24.90,0.0553,true,1,1410443
7290011695132,false,רדיד אלומניוס 7.5 מט,אופל,,רדיד אלומניוס 7.5 מט,יחידה,1.00,יחידה,false,,8.90,8.9000,true,1,1410314
7290011695439,false,"רוטב סויה 295 מ""ל",BAAECO,,"רוטב סויה 295 מ""ל",מיליליטרים,295.00,"100 מ""ל",false,,9.50,0.0322,true,1,1421894
7290011695545,false,אלפא אטבים איכותיים 55 יח`,ZHEJANG LONGQUAN,,אטבי כביסה,יחידה,0.00,יחידה,false,,9.90,0.0000,true,1,1410318
7290011695651,false,צנימים עגולים 300 גרם נאמן,S.P.A ניולט,,צנימים עגולים 300 גר,גרמים,300.00,100 גרם,false,,12.90,0.0430,true,1,1410322
7290011723200,false,טחינה הר ברכה 100% שומשום טהור 500 גר,טחינה הר ברכה בעמ,,טחינה הר ברכה 500 גר,גרמים,500.00,100 גרם,false,,18.90,0.0378,true,1,1439157
7290011732264,false,פרמידה סוכריות בטעם פרי חמצמץ 36 יחידות,גואנגדונג צאואן פוד,,סוכריות פרמידה קרנבל,גרמים,432.00,100 גרם,false,,21.90,0.0507,true,1,1435965
7290011876388,false,מאמא עוף קציצות עוף ובקר 600 גרם,תנובה גליל שותפות מו,,קציצות עוף ובקר מאמא,גרמים,600.00,100 גרם,false,,27.90,0.0465,true,1,1427863
7290011898830,true,"קמח חומוס 600 ג """,,,"קמח חומוס 600 ג """,יחידה,0.00,יחידה,false,,0.00,0.0000,true,1,1423297
7290011930899,false,מכשיר סודה גנסיס לבן,סודה סטרים,,מכשיר ג'נסיס לבן,יחידה,1.00,יחידה,false,,349.00,349.0000,true,1,1429379
7290011947316,false,זיתא זיתי קלמטה בשמן זית כתית מעולה 215ג,זיתא - י.ט.ב תעשיות,,זיתי קלמטה 215 גרם ז,גרמים,215.00,100 גרם,false,,13.90,0.0647,true,1,1406693
7290011977627,false,סרדינים בשמן צמחי טעים 125 גרם,טעמן,,סרדינים בשמן צמחי טע,גרמים,125.00,100 גרם,false,,4.10,0.0328,true,1,1408311
7290011977924,false,"פסטה קרניים 100% חיטת דורום בד""ץ טעמן 500 גרם",מוצרי יסוד - טעמן,,פסטה בילאג'יו קרניים,גרמים,500.00,100 גרם,false,,4.90,0.0098,true,1,1439343
7290012001994,false,חרדל דיז'ון גרעינים 350 ג' ריין דיזון,ריין דיז'ון reine dijon,,חרדל דיזון גרגירים 3,גרמים,350.00,100 גרם,false,,11.90,0.0340,true,1,1408231
7290012022203,false,פריכיות קליליות חיטה,דילייט 2005,,קליליות פרכיות חיטה,גרמים,100.00,100 גרם,false,,13.50,0.1350,true,1,1437655
7290012025822,false,סלק אסלי שמיר 400 גרם,"סלטי שמיר 2006 בע""מ",,סלק אסלי 400 גרם,גרמים,400.00,100 גרם,false,,10.90,0.0273,true,1,1439023
7290012025839,false,מטבוחה אסלי שמיר 400 גרם,"סלטי שמיר 2006 בע""מ",,מטבוחה אסלי 400 גרם,גרמים,400.00,100 גרם,false,,11.90,0.0298,true,1,1439024
7290012028243,true,טבק לגלגול נקסט FF,,,טבק לגלגול נקסט FF,יחידה,0.00,יחידה,false,,0.00,0.0000,true,1,1423298
7290012032127,true,טימין,,,טימין,יחידה,0.00,יחידה,false,,4.90,0.0000,true,1,1418651
7290012032141,true,רוזמרין,,,רוזמרין,יחידה,0.00,יחידה,false,,4.90,0.0000,true,1,1418652
7290012032646,true,עלי תרד-אמנון החקלאי,,,עלי תרד-אמנון החקלאי,יחידה,0.00,יחידה,false,,9.90,0.0000,true,1,1418653
7290012032776,true,חסה קיסר,,,חסה קיסר,יחידה,0.00,יחידה,false,,9.90,0.0000,true,1,1418654
7290012032783,true,עלי בייבי - אמנון הח,,,עלי בייבי - אמנון הח,יחידה,0.00,יחידה,false,,8.90,0.0000,true,1,1418655
7290012032813,true,פלפל צ'ילי -ילת,,,פלפל צ'ילי -ילת,יחידה,0.00,יחידה,false,,7.90,0.0000,true,1,1418656
7290012032882,true,עלי רוקוט-שקית גדולה,,,עלי רוקוט-שקית גדולה,יחידה,0.00,יחידה,false,,11.90,0.0000,true,1,1418657
7290012032899,true,בזיליקום -אמנון החקל,,,בזיליקום -אמנון החקל,יחידה,0.00,יחידה,false,,4.90,0.0000,true,1,1418658
7290012032905,true,עירית,,,עירית,יחידה,0.00,יחידה,false,,4.90,0.0000,true,1,1418659
7290012052330,false,גרנולה תענוג חלבה ותמרים 1 ק''ג,רפאלס,,גרנולה תענוג - חלבה,גרמים,1000.00,100 גרם,false,,24.90,0.0249,true,1,1425788
7290012116537,false,"מקסימה אבקת כביסה בניחוח מאסק סנו 2.5 ק""ג",טרופיקל דגיל תעשיות,,מקסימה אבקת כביסה מא,גרמים,2500.00,100 גרם,false,,22.90,0.0092,true,1,1410137
7290012117091,false,אבקת -כביסה סנו מקסימה סנסיטיב 6 קג,סנו מקסימה,,מקסימה אבקת כביסה סנ,גרמים,6000.00,100 גרם,false,,44.90,0.0075,true,1,1410139
7290012117350,false,"נוזל רצפות לילך 2 ליטר ""ריצפז פרש""","סנו מפעלי ברונוס בע""\מ",,ריצפז פרש לילך 2 ליט,מיליליטרים,2000.00,"100 מ""ל",false,,17.90,0.0089,true,1,1410141
7290012159275,false,מיונז אמיתי 430 גרם LINA,לינה,,מיונז לינה 430 גרם,גרמים,430.00,100 גרם,false,,9.90,0.0230,true,1,1416270
7290012173141,true,מיקס חמוציות פקאן17,,,מיקס חמוציות פקאן17,יחידה,0.00,יחידה,false,,12.00,0.0000,true,1,1423149
7290012226120,false,"קבנוס 135 גרם ""זוגלובק""",נקניק נהריה כשר זוגל,,קבנוס זוגלובק 135 גר,גרמים,135.00,100 גרם,false,,9.90,0.0733,true,1,1415324
7290012226922,false,קבנוס בטעם שום זוגלובק 135 גרם,נקניק נהריה כשר זוגל,,קבנוס עם שום 135 גרם,גרמים,135.00,100 גרם,false,,9.90,0.0733,true,1,1415329
7290012226939,false,קבנוס עם צ'ילי חריף זוגלובק 135 גרם,נקניק נהריה כשר זוגל,,קבנוס עם צ'ילי חריף,גרמים,135.00,100 גרם,false,,9.90,0.0733,true,1,1415330
7290012226991,false,"נקניקיות עוף באריזת ג''מבו 1.5 ק""ג זוגלובק",נקניק נהריה כשר זוגל,,נקניקיות ג'מבו 1.5 ק,גרמים,1500.00,100 גרם,false,,27.90,0.0186,true,1,1415332
7290012227172,false,חרמן הודו בדבש וברביקיו זוג במארז 600 ג' זוגלובק,נקניק נהריה כשר זוגל,,זוג פסטרמות במארז חר,גרמים,600.00,100 גרם,false,,26.60,0.0443,true,1,1415333
7290012227325,false,סלמי דק דק מעושן איטלקי 120 ג' זוגלובק,זוגלובק,,סלמי מעושן דק דק 120,גרמים,120.00,100 גרם,false,,12.90,0.1075,true,1,1415335
7290012227912,false,קבנוס מעודן זוגלובק 135 גרם,זוגלובק,,קבנוס מעודן 135 גרם,גרמים,135.00,100 גרם,false,,10.20,0.0756,true,1,1415340
7290012227981,false,פסטרמה דק דק ברביקיו 120 ג' זוגלובק,זוגלובק,,פסטרמה ברביקיו 120 ג,גרמים,120.00,100 גרם,false,,12.90,0.1075,true,1,1415342
7290012227998,false,פסטרמה דק דק חזה בקר 120 ג' זוגלובק,זוגלובק,,חזה בקר 120 גרם,גרמים,120.00,100 גרם,false,,12.90,0.1075,true,1,1415343
7290012228018,false,נקניקיות עוף 400רמי לוי גרם,,,נקניקיות עוף רמי לוי,גרמים,400.00,100 גרם,false,,9.90,0.0248,true,1,1443500
7290012228025,false,מארז פסטרמה הודו +סלמי תה רמי לוי 800 גרם,,,סלמי תה 400 גרם+ח.עו,גרמים,800.00,100 גרם,false,,21.90,0.0274,true,1,1443501
7290012228124,false,קבנוס סטיקס עם נגיעות מלח ים סדרת ריינהולד'ס,זוגלובק,,קבנוסטיקס - חטיף קבנ,גרמים,50.00,100 גרם,false,,9.90,0.1980,true,1,1415344
7290012228261,false,נקנקיות קנקרס הודו ועוף ריינהולד'ס זוגלובק 300 ג',זוגלובק,,נקניקיות הודו פרמיום,גרמים,300.00,100 גרם,false,,19.90,0.0663,true,1,1415351
7290012228278,false,נקנקיות בוקוורסט עוף ובקר ריינהולד'ס 310 ג' זוגלובק,זוגלובק,,נקניקיות הודו -בקר (,גרמים,310.00,100 גרם,false,,19.90,0.0642,true,1,1415352
7290012228445,false,קבנוס רמי לוי 135 גר,,,קבנוס רמי לוי 135 גר,גרמים,135.00,100 גרם,false,,9.90,0.0733,true,1,1443505
7290012228971,false,סלמי תה פפרוני זוגלובק 180 ג',זוגלובק,,סלמי תה פפרוני 180 ג,גרמים,180.00,100 גרם,false,,14.90,0.0828,true,1,1431483
7290012247859,true,כבד עוף קפוא,,,כבד עוף קפוא,קילוגרמים,1.00,"ק""ג",true,,11.90,11.9000,true,1,1420644
7290012313240,false,מיקס זית ירוק וקלמטה קבוצת יבנה 560 גרם,קבוצת יבנה,,מיקס זית ירוק וקלמטה,גרמים,560.00,100 גרם,false,,11.90,0.0213,true,1,1437890
7290012313394,true,חרוזי זיתים ירוקים3,,,חרוזי זיתים ירוקים3,יחידה,0.00,יחידה,false,,5.00,0.0000,true,1,1422945
7290012413636,false,תה ירוק צ'אי מסאלה ויסוצקי 25 יחידות,ויסוצקי ירוק,,תה ירוק צ'אי מסאלה 2,יחידה,25.00,יחידה,false,,24.90,0.9960,true,1,1406701
7290012413643,false,תה ירוק קמומיל 25 שקיקים ויסוצקי,ויסוצקי ירוק,,תה ירוק קמומיל,יחידה,25.00,יחידה,false,,24.90,0.9960,true,1,1406702
7290012526602,false,כוסות שתיה קרה 100 י,כוסות שתיה קרה 4 ב 1,,כוסות שתיה קרה 100 י,יחידה,100.00,יחידה,false,,6.80,0.0680,true,1,1415623
7290012547263,false,מעדן דבש לייט 350 גרם,מכוורת עמק חפר,,מעדן דבש מופחת סוכר,יחידה,0.00,יחידה,false,,29.90,0.0000,true,1,1410331
7290012576607,false,"יין קברנה סוביניון פרמייר מלבק אדום ברקן 750 מ""ל","ברקן שיווק והפצה בע""",,יין אדום קברנה סובני,מיליליטרים,750.00,"100 מ""ל",false,,24.20,0.0323,true,1,1410735
7290012602627,false,דבש פרחי בר חוף הכרמל 640 ג',,,דבש יערה 500 גרם,גרמים,500.00,100 גרם,false,,29.90,0.0598,true,1,1414415
7290012642586,false,ערמונים קלופים 100 ג' תומר,Tangshan huiyuan foo,,ערמונים קלופים 100 ג,גרמים,100.00,100 גרם,false,,4.90,0.0490,true,1,1407832
7290012645310,true,יוגורט עיזים עם פירו,,,יוגורט עיזים עם פירו,יחידה,0.00,יחידה,false,,5.90,0.0000,true,1,1405672
7290012653612,true,ליקר ברונמייסטר 700,,,ליקר ברונמייסטר 700,יחידה,0.00,יחידה,false,,56.90,0.0000,true,1,1425343
7290012803055,false,סוכרלוז מרמולייט- 100שקיות אישיות,"קיפל טבליות וממתיקים בע""מ",,סוכרלוז 100 שקיות,יחידה,100.00,יחידה,false,,19.80,0.1980,true,1,1410402
7290012803222,false,טוסו ופל בסגנון בלגי בטעם לימון ללא תוספת סוכר 200 גרם,בטר אנד דיפרנט,,ופל בלגי בטעם לימון,גרמים,200.00,100 גרם,false,,9.90,0.0495,true,1,1410404
7290012900006,false,זיתים חרוזית בזעתר A,,,זיתים חרוזית בזעתר A,יחידה,0.00,יחידה,false,,8.00,0.0000,true,1,1420465
7290012911156,true,רוטב טריאקי שומשום3,,,רוטב טריאקי שומשום3,יחידה,0.00,יחידה,false,,0.00,0.0000,true,1,1423424
7290012911170,true,"מיסו כהה 500 ג """,,,"מיסו כהה 500 ג """,יחידה,0.00,יחידה,false,,0.00,0.0000,true,1,1423299
7290012911187,true,"מיסו בהיר 500 ג """,,,"מיסו בהיר 500 ג """,יחידה,0.00,יחידה,false,,0.00,0.0000,true,1,1423300
7290012911729,true,"ג""ינג""ר לסושי 250 ג""",,,"ג""ינג""ר לסושי 250 ג""",יחידה,0.00,יחידה,false,,0.00,0.0000,true,1,1423301
7290012931901,true,10 מטליות לחות לרצפה,,,10מטליות לחות לרצפה,יחידה,0.00,יחידה,false,,8.00,0.0000,true,1,1423129
7290012936937,false,תבלינים בהרט בצנצנת 40 גרם,א.ל ייצור ושיווק תבל,,בהרט במיכל תבליני מי,גרמים,40.00,100 גרם,false,,11.90,0.2975,true,1,1413988
7290012938405,false,"רדיד אלומיניום עבה במיוחד לבישול,אפייה והקפאה.",ריינולדס,,נייר אלומיניום דיימו,100 יחידה,1.00,100 יחידה,false,,16.90,16.9000,true,1,1441793
7290013027399,false,לחם קמח מלא קל בתוספת שיפון 750 ג' אנג'ל,מאפיית שלמה א. אנג'\ל בע,,לחם קל פרוס 100% קמח,גרמים,750.00,100 גרם,false,,13.90,0.0185,true,1,1406769
7290013080226,true,חטיף באגסי חריף אש 2,,,חטיף באגסי חריף אש 2,יחידה,0.00,יחידה,false,,4.00,0.0000,true,1,1423683
7290013080301,false,באגסי חטיף חיטה גריל 400 גרם מארז 20 יחידות,א מ חטיפי העמק בעמ,,# באגסי גריל 20 גר',יחידה,20.00,יחידה,false,,9.90,0.4950,true,1,1425802
7290013083685,false,תחליף חלב מטרנה אקסטרה קר שלב 3 חסכון 700 גרם,מטרנה תעשיות ש.מ,,מטרנה אקסטרה קר שלב,גרמים,700.00,100 גרם,false,,58.90,0.0841,true,1,1407134
7290013089809,false,פילה אמנון קפוא במשקל,,,מעדניה - פילה אמנון,קילוגרמים,1.00,"ק""ג",true,,30.90,30.9000,true,1,1432121
7290013117212,false,בורקס פילו במילוי גבינה מעדנות 600 גר,מיוצר עי קונדיטוריית,,בורקס פילו גבינה מעד,גרמים,600.00,100 גרם,false,,18.90,0.0315,true,1,1411803
7290013117243,false,בורקס פילו בולגרית מעדנות 600 גרם,מיוצר עי קונדיטוריית,,בורקס פילו בולגרית מ,גרמים,600.00,100 גרם,false,,19.90,0.0332,true,1,1411806
7290013117427,false,בצק פריך מרודד למאפים מלוחים מעדנות 2*450 גרם,מיוצר עי קונדיטוריית,,בצק פריך מרודד למאפי,גרמים,900.00,100 גרם,false,,19.90,0.0221,true,1,1411808
7290013144195,false,מיימונס תערובת כדורי שוקולד 500 גרם.,א.ל ייצור ושיווק תבלינים,,תערובת כדורי שוקולד,גרמים,500.00,100 גרם,false,,17.50,0.0350,true,1,1415128
7290013144393,false,"תמצית בטעם וניל מימונס 50 מ""ל",א.ל ייצור ושיווק תבלינים,,מימונס תמצית בטעם ונ,גרמים,50.00,100 גרם,false,,4.90,0.0980,true,1,1415138
7290013144409,false,תמצית בטעם רום מימונס 50 גרם,א.ל ייצור ושיווק תבלינים,,מימונס תמצית בטעם רו,גרמים,50.00,100 גרם,false,,5.20,0.1040,true,1,1415139
7290013144515,false,מיימונס צבע מאכל צהוב 50 גרם,א.ל ייצור ושיווק תבלינים,,מימומס צבע מאכל צהוב,גרמים,50.00,100 גרם,false,,4.50,0.0900,true,1,1415142
7290013144539,false,צבע מאכל אדום מימונס 50 גרם,א.ל ייצור ושיווק תבלינים,,מימונס צבע מאכל אדום,גרמים,50.00,100 גרם,false,,4.50,0.0900,true,1,1415144
7290013145451,false,אבקת קקאו מימונס 150 ג',מיוצר עי קונדיטוריית,,אבקת קקאו 150 גרם שק,גרמים,150.00,100 גרם,false,,9.50,0.0633,true,1,1432995
7290013145628,false,מימונס סוכריות צבעוניות לקישוט 200 גרם,א.ל ייצור ושיווק תבלינים,,מימונס סוכריות צבעונ,גרמים,200.00,100 גרם,false,,8.90,0.0445,true,1,1415170
7290013145840,false,סוכר וניל מיימונס 10 יחידות,א.ל ייצור ושיווק תבלינים,,סוכר וניל 10 יח' בצל,גרמים,100.00,100 גרם,false,,2.50,0.0250,true,1,1415174
7290013145857,false,אבקת אפיה מיימונס 10 יחידות,מימונס אפייה,,אבקת אפיה 10 יח' בצל,גרמים,100.00,100 גרם,false,,2.50,0.0250,true,1,1415175
7290013145901,false,סודה לשתיה מיימונס 100 גרם,א.ל ייצור ושיווק תבלינים,,"סודה לשתיה כשל""פ 100",גרמים,100.00,100 גרם,false,,2.00,0.0200,true,1,1415177
7290013145918,false,אבקת סוכר מיימונס 100 גרם,א.ל ייצור ושיווק תבלינים,,מימונס אבקת סוכר 100,גרמים,100.00,100 גרם,false,,2.00,0.0200,true,1,1415178
7290013145963,false,שמרים יבשים בוואקום מיימונס 125 גרם,מימונס אפייה,,מימונס שמרים יבשים ב,גרמים,125.00,100 גרם,false,,5.90,0.0472,true,1,1415181
7290013146304,false,קורנפלור 500 גרם מימונס.,א.ל ייצור ושיווק תבלינים,,מימונס קורנפלור 500,גרמים,500.00,100 גרם,false,,7.50,0.0150,true,1,1415187
7290013146427,false,נשיקות לקישוט צבע לבן מימונס 60 גרם,"מימונס אפיה בע""מ",,מיני מרנג בצבע לבן 6,גרמים,60.00,100 גרם,false,,15.90,0.2650,true,1,1432130
7290013146854,false,קוקוס לבן טחון מימונס 400 ג',א.ל ייצור ושיווק תבלינים,,קוקוס לבן טחון 400 ג,גרמים,400.00,100 גרם,false,,14.90,0.0373,true,1,1415200
7290013151094,true,"חרדל דיז""ון גרגרים3",,,"חרדל דיז""ון גרגרים3",יחידה,0.00,יחידה,false,,0.00,0.0000,true,1,1423405
7290013182081,true,ריבת פטל שחור 850 גר,,,ריבת פטל שחור 850 גר,יחידה,0.00,יחידה,false,,16.90,0.0000,true,1,1425530
7290013215017,false,פטריות זוגות חוות השמפניון,אראל תוצרת חקלאית בע,,דואט פטריות,יחידה,1.00,יחידה,false,,17.90,17.9000,true,1,1432945
7290013268020,false,מקסימה מרכך כביסה מרוכז בניחוח אולטרא פרש סנו 1 ליטר,"סנו מפעלי ברונוס בע""\מ",,סנו מרכך מרוכז אולטר,מיליליטרים,1000.00,"100 מ""ל",false,,17.50,0.0175,true,1,1410152
7290013268372,false,פוליויקס נוזל לניקוי פרקט סנו 2 ליטר,סנו פוליויקס,,פוליויקס נוזל לניקוי,מיליליטרים,2000.00,"100 מ""ל",false,,19.90,0.0099,true,1,1433654
7290013269751,false,מטליות לחותריצפז פרש לניקוי ריצפה בניחות מלון בוטיק 10 יח' סנו,טרופיקל דגיל תעשיות,,מטליות לחות לריצפה ה,יחידה,1.00,יחידה,false,,10.90,10.9000,true,1,1428145
7290013269911,true,K-333,,,K-333,יחידה,0.00,יחידה,false,,0.00,0.0000,true,1,1423584
7290013284075,true,זיתים טבעות מושחר,,,זיתים טבעות מושחר,יחידה,0.00,יחידה,false,,9.50,0.0000,true,1,1426750
7290013284143,true,מלפפון 10-12 במלח 56,,,מלפפון 10-12 במלח56,יחידה,0.00,יחידה,false,,5.00,0.0000,true,1,1422947
7290013284174,true,מלפפון 7-9 בחומץ 560,,,מלפפון 7-9 בחומץ560,יחידה,0.00,יחידה,false,,5.00,0.0000,true,1,1422948
7290013284181,true,מלפפון 10-12 בחומץ 5,,,מלפפון 10-12 בחומץ5,יחידה,0.00,יחידה,false,,5.00,0.0000,true,1,1422949
7290013284662,false,רוטב פיצה פיתה לילדים 240 ג' פריניר,פריניר ( הדס 1987) ב,,רוטב פיצה פיתה פריני,גרמים,240.00,100 גרם,false,,5.50,0.0229,true,1,1413251
7290013302243,false,פסטה בילאג'יו מסולסלת 500גרם טעמן,מוצרי יסוד - טעמן,,פסטה בילאג'יו מסולסל,גרמים,500.00,100 גרם,false,,4.90,0.0098,true,1,1439345
7290013358356,false,פירורי לחם מוזהבים מאסטר שף 320 גרם,מנה י.א בעמ,,פירורי לחם מוזהבים מ,גרמים,320.00,100 גרם,false,,6.90,0.0216,true,1,1414210
7290013358417,false,מאסטר שף אסייאתי רוטב טריאקי 300 מל כשלפ,קריניציה ויטמינה אס,,רוטב טריאקי מאסטר שף,מיליליטרים,300.00,"100 מ""ל",false,,10.90,0.0363,true,1,1432236
7290013358509,true,"מנה מיקס סלט 200 ג """,,,"מנה מיקס סלט 200 ג """,יחידה,0.00,יחידה,false,,0.00,0.0000,true,1,1423303
7290013358530,false,מאסטר שף אסייאתי רוטב צ'ילי מתוק 700 מל כשלפ,קריניציה ויטמינה אס,,רוטב צ'ילי מתוק מאסט,מיליליטרים,700.00,"100 מ""ל",false,,11.90,0.0170,true,1,1432264
7290013381187,false,אלפא אל סבון 1 ליטר,אלפא,,אלפא אל סבון 1 ליטר,מיליליטרים,1000.00,"100 מ""ל",false,,10.90,0.0109,true,1,1434253
7290013381293,false,שקיות אלפא פתח סגור גדול,QINGDAO XIRONG,,שקיות אלפא פתח סגור-,יחידה,20.00,יחידה,false,,9.90,0.4950,true,1,1421118
7290013381521,false,מטליות אלפא רב שימוש,,,מטליות אלפא רב שימוש,יחידה,1.00,יחידה,false,,22.00,22.0000,true,1,1410333
7290013389381,false,"קמח תירס פולנטה מולינו 1 ק""ג",מולינו פילה,,קמח תירס (פולנטה) 1ק,גרמים,1000.00,100 גרם,false,,9.90,0.0099,true,1,1407840
7290013430083,false,"בירה אלכסנדר בלונד בקבוק 330 מ""ל",מנדלז סי.אר. פרודקשן,,בירה אלכסנדר בלונד 3,מיליליטרים,330.00,"100 מ""ל",false,,12.90,0.0391,true,1,1434999
7290013531711,true,סירופ מיצמיץ לימון 1,,,סירופ מיצמיץ לימון 1,יחידה,0.00,יחידה,false,,10.90,0.0000,true,1,1423785
7290013539793,true,תחליב גוף אובלפיכהA,,,תחליב גוף אובלפיכהA,יחידה,0.00,יחידה,false,,5.00,0.0000,true,1,1423033
7290013542526,false,כוסות נייר שתיה חמה,כוסות שתייה חמה 3 ב,,כוסות נייר שתיה חמה,יחידה,50.00,יחידה,false,,11.90,0.2380,true,1,1432804
7290013584144,true,"ספרייט 0.5 ל """,,,"ספרייט 0.5 ל """,יחידה,0.00,יחידה,false,,0.00,0.0000,true,1,1423304
7290013584182,true,"ספרייט 1.5 ל """,,,"ספרייט 1.5 ל """,יחידה,0.00,יחידה,false,,0.00,0.0000,true,1,1423305
7290013584496,true,ארגז פיקדון טובורג2,,,ארגז פיקדון טובורג2,יחידה,0.00,יחידה,false,,0.00,0.0000,true,1,1423081
7290013585356,true,פיוזטי פירות יער 1.5,,,פיוזטי פירות יער 1.5,יחידה,0.00,יחידה,false,,7.50,0.0000,true,1,1413528
7290013585387,false,קוקה קולה זירו 1 ליטר,החברה המרכזית לייצור משקאות,,קוקה קולה זירו בקבוק,מיליליטרים,1000.00,"100 מ""ל",false,,6.90,0.0069,true,1,1413529
7290013585394,false,קוקה קולה 1ליטר בודד,החברה המרכזית לייצור משקאות,,קוקה קולה בקבוק 1 לי,מיליליטרים,1000.00,"100 מ""ל",false,,7.20,0.0072,true,1,1413530
7290013585684,true,פריגת EXTRA טרופי 42,,,פריגת EXTRA טרופי42,יחידה,0.00,יחידה,false,,0.00,0.0000,true,1,1423307
7290013585967,false,מארז ספרייט זירו 6 * 330 פח Fridge- pack,קוקה קולה ישראל,,שישיית פחיות ספרייט,מיליליטרים,1980.00,"100 מ""ל",false,,25.70,0.0130,true,1,1413537
7290013586803,true,רביעיית קרלסברג 330,,,רביעיית קרלסברג 330,יחידה,0.00,יחידה,false,,0.00,0.0000,true,1,1423308
7290013586896,true,ספרייט 5+1 שישיות1.,,,ספרייט 5+1 שישיות1.,יחידה,0.00,יחידה,false,,0.00,0.0000,true,1,1423572
7290013608260,false,מיץ רימונים 100%מיץ סחוט טרי מצונן 1ליט,"גניר (1992) בע""מ",,מיץ רימונים 100% סחו,מיליליטרים,1000.00,"100 מ""ל",false,,22.90,0.0229,true,1,1405676
7290013650009,true,חמוציות ללא סוכר170,,,חמוציות ללא סוכר170,יחידה,0.00,יחידה,false,,0.00,0.0000,true,1,1423309
7290013650108,true,שמן שומשום אורגני50,,,שמן שומשום אורגני50,יחידה,0.00,יחידה,false,,0.00,0.0000,true,1,1423310
7290013650276,true,"זרעי צ""יה 300 ג """,,,"זרעי צ""יה 300 ג """,יחידה,0.00,יחידה,false,,0.00,0.0000,true,1,1423311
7290013650535,true,"גוצי ברי 100 ג """,,,"גוצי ברי 100 ג """,יחידה,0.00,יחידה,false,,0.00,0.0000,true,1,1423312
7290013650658,true,"ממרח חרובים 300 ג """,,,"ממרח חרובים 300 ג """,יחידה,0.00,יחידה,false,,0.00,0.0000,true,1,1423470
7290013650832,true,"ג""ינג""ר מופחת סוכר1",,,"ג""ינג""ר מופחת סוכר1",יחידה,0.00,יחידה,false,,0.00,0.0000,true,1,1423313
7290013650986,true,"סובין חיטה 500 ג """,,,"סובין חיטה 500 ג """,יחידה,0.00,יחידה,false,,0.00,0.0000,true,1,1423471
7290013650993,true,"נבט חיטה 500 ג """,,,"נבט חיטה 500 ג """,יחידה,0.00,יחידה,false,,0.00,0.0000,true,1,1423472
7290013655554,false,"קערה קריסטל 12ס""מ",,,קערה 12 קריסטל,יחידה,0.00,יחידה,false,,6.90,0.0000,true,1,1419459
7290013702036,true,שוופס WATER אפרסק 50,,,שוופס WATER אפרסק50,יחידה,0.00,יחידה,false,,6.00,0.0000,true,1,1423118
7290013702050,true,שוופס WATER ענבים 50,,,שוופס WATER ענבים50,יחידה,0.00,יחידה,false,,6.00,0.0000,true,1,1423119
7290013787927,false,פסטה ללא גלוטן חונקי,,,פסטה ללא גלוטן חונקי,גרמים,400.00,100 גרם,false,,13.90,0.0348,true,1,1434194
7290013843050,false,כוסות שתיה קרה 100 י,כוסות שתיה קרה 4 ב 1,,כוסות שתיה קרה 100 י,יחידה,100.00,יחידה,false,,6.80,0.0680,true,1,1415625
7290013843968,false,כוסות קרטון 8 אוז 50 יח',כוסות שתייה חמה 3 ב,,כוסות נייר שתיה חמה,יחידה,50.00,יחידה,false,,11.90,0.2380,true,1,1415626
7290013847102,false,נתחי טונה בהירה בשמן - מארז שלישיה,סטארקיסט Starkist,,נתחי טונה בשמן סטארק,גרמים,240.00,100 גרם,false,,12.90,0.0538,true,1,1427880
7290013847645,false,סטארקיסט טונה בשמן זית 80 גר' שלישיות,סטארקיסט Starkist,,טונה בהירה בשמן זית,גרמים,240.00,100 גרם,false,,16.90,0.0704,true,1,1428495
7290013847836,false,נתחי טונה בשמן קנולה זוג * 140 ג' סטארקיסט,סטארקיסט Starkist,,טונה בהירה בשמן קנול,גרמים,280.00,100 גרם,false,,12.90,0.0461,true,1,1408235
7290013847867,false,מארז זוג טונה בשמן סויה 140 ג' סטארקיסט,טונה ויטנאם קו. אל.ט,,טונה בהירה בשמן קנול,גרמים,280.00,100 גרם,false,,12.90,0.0461,true,1,1439007
7290013848345,false,מארז מטליות לחיטוי וניקוי יסודי אנטיבקטריאלי 99.9%,סנו מפעלי ברונוס בעמ,,מגבונים 99.9% לחיטוי,יחידה,3.00,יחידה,false,,19.90,6.6333,true,1,1428234
7290013848758,false,מקסימה גל כביסה מרוכז בייבי 3ליטר סנסטיב,"סנו מפעלי ברונוס בע""\מ",,ג'ל כביסה מרוכז בייב,מיליליטרים,3000.00,"100 מ""ל",false,,32.80,0.0109,true,1,1410167
7290013849205,false,כוס קר שקוף קלאסי מצוין - 100 יחידות,כוסות שתיה קרה 4 ב 1,,כוסות שתיה קרה 100 י,יחידה,100.00,יחידה,false,,6.80,0.0680,true,1,1432519
7290013906205,false,פסטרמה עם שום וצ'ילי 400ג' טירת צבי,הנסיך- מפעל לייצור ט,,פסטרמה שום וצ'לי 400,גרמים,400.00,100 גרם,false,,25.90,0.0647,true,1,1423892
7290013906496,false,פסטרמה עגל בסגנון רומני טירת צבי 120 גר,הנסיך- מפעל לייצור ט,,פסטרמה עגל רומנית 12,גרמים,120.00,100 גרם,false,,13.90,0.1158,true,1,1411819
7290013927019,true,דקליות קינמון במגש 4,,,דקליות קינמון במגש 4,יחידה,0.00,יחידה,false,,11.00,0.0000,true,1,1425901
7290014001817,true,ממרח סילאן חרובים לו,,,ממרח סילאן חרובים לו,יחידה,0.00,יחידה,false,,18.90,0.0000,true,1,1426675
7290014002173,true,תה ירוק תפוז מנדרין,,,תה ירוק תפוז מנדרין,יחידה,0.00,יחידה,false,,21.90,0.0000,true,1,1423657
7290014002203,false,חליטת לימונית ולואיזה הגן הקסום ויסוצקי 25 יחידות,תה ויסוצקי,,חליטת לימונית לואיזה,יחידה,25.00,יחידה,false,,17.90,0.7160,true,1,1406705
7290014002470,false,תה ויסוצקי קלאסיק - מארז 75 שקיקים,תה ויסוצקי,,תה קלאסיק 75 יחידות,יחידה,75.00,יחידה,false,,13.90,0.1853,true,1,1410505
7290014002579,true,תה ירוק וניל ויסוצקי,,,תה ירוק וניל ויסוצקי,יחידה,0.00,יחידה,false,,21.90,0.0000,true,1,1423658
7290014002692,true,"פתיבר 500 ג """,,,"פתיבר 500 ג """,יחידה,0.00,יחידה,false,,0.00,0.0000,true,1,1423315
7290014059436,false,"משחת שיניים סנסודיין 75 מ""ל פרימיום לשיקום והגנה מלבינה 75 מ""ל","סמית קליין ביצ'ם בע""",,סנסודיין לשיקום והגנ,מיליליטרים,75.00,"100 מ""ל",false,,21.90,0.2920,true,1,1431366
7290014066533,false,לנדוור-קפסולות אספרסו קלייה כפולה(12) - 10יח'12X יח,קפה לנדוור,,קפסולות קפה תואמות נ,יחידה,10.00,יחידה,false,,15.90,1.5900,true,1,1432240
7290014083813,false,וילי פוד מריגה שפרוטים מעושנים בשמן 190ג,הנסיך- מפעל לייצור ט,,שפרוטים מעושנים בשמן,גרמים,190.00,100 גרם,false,,8.90,0.0468,true,1,1408446
7290014088375,true,רוטב צ'ילי מתוק-הילד,,,רוטב צ'ילי מתוק-הילד,יחידה,0.00,יחידה,false,,7.00,0.0000,true,1,1416317
7290014089037,false,נענע בעציץ יחידה,פרח הארץ,,נענע בעציץ,יחידה,1.00,יחידה,false,,8.90,8.9000,true,1,1429644
7290014089129,false,רקפת בעציץ יחידה,פרח הארץ,,רקפת בעציץ,יחידה,1.00,יחידה,false,,19.90,19.9000,true,1,1429652
7290014089143,false,בזיליקום בעציץ יחידה,פרח הארץ,,בזיליקום בעציץ,יחידה,1.00,יחידה,false,,8.90,8.9000,true,1,1429654
7290014089181,false,מליסה בעציץ יחידה,פרח הארץ,,מליסה בעציץ,יחידה,1.00,יחידה,false,,8.90,8.9000,true,1,1429656
7290014089358,false,טגטס בעציץ יחידה,פרח הארץ,,טגטס בעציץ,יחידה,1.00,יחידה,false,,8.90,8.9000,true,1,1429665
7290014089570,false,אמנון ותמר בעציץ יחידה,פרח הארץ,,אמנון ותמר בעציץ,יחידה,1.00,יחידה,false,,8.90,8.9000,true,1,1429681
7290014094406,false,צימוק לבן בקופסא ששון הקולה 330 גרם,"דין שיווק וקליה בע""מ",,צימוק לבן 330 גר' -,גרמים,330.00,100 גרם,false,,17.90,0.0542,true,1,1440563
7290014094543,false,"תרסיס שמן קנולה שקדיה 186 מ""ל",שקדיה,,תרסיס שמן קנולה שקדי,מיליליטרים,170.00,"100 מ""ל",false,,14.90,0.0876,true,1,1438262
7290014094642,false,קשיו טבעי גדול 250 גרם בקופסא,"דין שיווק וקלייה בע""",,קשיו טבעי 250 בקופסא,גרמים,250.00,100 גרם,false,,24.90,0.0996,true,1,1440565
7290014094864,false,פיסטוק קלוי 170 גר עם קליפה ששון הקולה,"דין שיווק וקלייה בע""",,פיסטוק קלוי 170 גר',גרמים,170.00,100 גרם,false,,19.90,0.1171,true,1,1436163
7290014094895,false,אגוזים קלופים בשקית ששון הקולה 150 גרם,"דין שיווק וקלייה בע""",,אגוזים קלופים בשקית,גרמים,150.00,100 גרם,false,,11.90,0.0793,true,1,1437741
7290014138971,false,ערכת לפידונים מוצק 44 יח',,,לפידונים מוצק קופסא,יחידה,44.00,יחידה,false,,56.90,1.2932,true,1,1413253
7290014138988,false,ערכת לפידונים נוזלי 44 יח',,,לפידונים נוזלי קופסא,יחידה,44.00,יחידה,false,,56.90,1.2932,true,1,1413254
7290014218932,false,חטיפי פיצה בתוספ זיתים בשקית מעדנות 710 גרם,מיוצר עי קונדיטוריית,,חטיפי פיצה בתוספת זי,גרמים,710.00,100 גרם,false,,29.90,0.0421,true,1,1427871
7290014274143,true,צלחת איכותית מספר 9,,,צלחת איכותית מספר 9,יחידה,0.00,יחידה,false,,0.00,0.0000,true,1,1423316
7290014274150,true,"צלחת לבן -תחרה10.2""",,,"צלחת לבן -תחרה10.2""",יחידה,0.00,יחידה,false,,0.00,0.0000,true,1,1423573
7290014274167,true,מרקיה תחרה קרם 7.5,,,מרקיה תחרה קרם 7.5,יחידה,0.00,יחידה,false,,0.00,0.0000,true,1,1423317
7290014274204,true,10יח קערות חד פעמיו,,,10יח קערות חד פעמיו,יחידה,0.00,יחידה,false,,0.00,0.0000,true,1,1423318
7290014397538,true,סנו פרש סבון מפנק,,,סנו פרש סבון מפנק,יחידה,0.00,יחידה,false,,13.50,0.0000,true,1,1423820
7290014397873,true,מרכך כביסה מקסימה 4,,,מרכך כביסה מקסימה 4,יחידה,0.00,יחידה,false,,22.90,0.0000,true,1,1423824
7290014407916,true,קמח עדשים אדומות600,,,קמח עדשים אדומות600,יחידה,0.00,יחידה,false,,0.00,0.0000,true,1,1423473
7290014455252,false,גבינה קשה מגורדת גרנה פדנו 29% שומן,מחלבות גד שיווק 1992,,פרמז'ן גרנה פדנו מגו,גרמים,100.00,100 גרם,false,,12.40,0.1240,true,1,1413788
7290014466128,false,"יין הר חרמון אינדיגו 750 מ""ל",מיוצר וממולא על ידי יקב,,יין אדום יבש הר חרמו,מיליליטרים,750.00,"100 מ""ל",false,,31.90,0.0425,true,1,1419763
7290014472136,false,גרעיני חמנייה ששון הקולה 150 גרם,"דין שיווק וקלייה בע""",,גרעין שחור קלוי 150,גרמים,150.00,100 גרם,false,,4.90,0.0327,true,1,1442508
7290014534674,false,"פסטה ""לה פסטה"" 400 ג' פרפר 400 ג'",מוטלו,,פסטה פארפלה חיטה דור,גרמים,400.00,100 גרם,false,,4.50,0.0113,true,1,1407847
7290014534681,false,"פסטה ""לה פסטה"" 400 ג' בורג 400 ג'",מוטלו,,פסטה פוסילי 100% חיט,גרמים,400.00,100 גרם,false,,4.50,0.0113,true,1,1407848
7290014648395,true,PHARMA AIDפלסטרים שק,,,PHARMA AIDפלסטרים שק,יחידה,0.00,יחידה,false,,5.70,0.0000,true,1,1425939
7290014648531,true,PHARMA AIDפד סטרילי,,,PHARMA AIDפד סטרילי,יחידה,0.00,יחידה,false,,7.20,0.0000,true,1,1425942
7290014648616,true,PHARMA AIDאטמי אזנים,,,PHARMA AIDאטמי אזנים,יחידה,0.00,יחידה,false,,14.60,0.0000,true,1,1425944
7290014648623,true,PHARMA AIDאטמי אזנים,,,PHARMA AIDאטמי אזנים,יחידה,0.00,יחידה,false,,7.20,0.0000,true,1,1425945
7290014648845,false,ספוג רחצה חום LA BEL,,,ספוג רחצה חום LA BEL,יחידה,1.00,יחידה,false,,13.90,13.9000,true,1,1411944
7290014648951,false,PHARMA DENTקיסמי מברשת דו צדדיים בטעם מנטה 100יח,,,קיסמי מברשת דו צדדיי,יחידה,100.00,יחידה,false,,10.00,0.1000,true,1,1433117
7290014664982,true,תחליב רחצה ארגן7 AS,,,תחליב רחצה ארגן7 AS,יחידה,0.00,יחידה,false,,5.00,0.0000,true,1,1423034
7290014692299,false,גבינת ברי EURO CHEESE ויליפוד 125 גרם,יורו צ'יז Euro Cheese,,גבינת ברי עם עובש לב,גרמים,125.00,100 גרם,false,,19.90,0.1592,true,1,1408448
7290014692305,false,גבינת קממבר EURO CHEESE ויליפוד 125 גרם,הנסיך- מפעל לייצור ט,,גבינת קממבר בשלה עם,גרמים,125.00,100 גרם,false,,19.90,0.1592,true,1,1408449
7290014692565,false,גרעיני תירס מתוק וילי פוד 320 גרם,אקו קונסרויפרי קי.אפ,,גרעיני תירס מתוק ויל,גרמים,320.00,100 גרם,false,,5.90,0.0184,true,1,1408451
7290014692749,false,"שמן זית כתית מעולה ויליפוד 750 מ""ל",אסטיאס בורגס,,שמן זית כתית מעולה ו,גרמים,750.00,100 גרם,false,,32.90,0.0439,true,1,1408454
7290014731066,true,כוסות נייר 10,,,כוסות נייר 10,יחידה,0.00,יחידה,false,,0.00,0.0000,true,1,1423319
7290014731264,false,ספלאש כוסות 180CC לשתייה קרה 100 יחידות,רם,,שרוול כוסות לשתיה קר,יחידה,100.00,יחידה,false,,7.90,0.0790,true,1,1419467
7290014745919,true,עוף טוב שניצל עוף דק,,,עוף טוב שניצל עוף דק,גרמים,0.00,100 גרם,false,,39.00,0.0000,true,1,1427895
7290014758162,false,חלב עיזים מלא 3.6% קרטון 1 ל' תנובה,הרדוף תוצרת מזון אור,,חלב עיזים מלא 3.6% ת,מיליליטרים,1000.00,"100 מ""ל",false,,14.90,0.0149,true,1,1411538
7290014758209,true,יופלה REAL אננס 3%,,,יופלה REAL אננס 3%,יחידה,0.00,יחידה,false,,0.00,0.0000,true,1,1423320
7290014758681,false,קוטג תנובה 1% גביע 250 גרם,מיוצר עי קונדיטוריית,,קוטג 1% תנובה 250 גר,גרמים,250.00,100 גרם,false,,5.50,0.0220,true,1,1411540
7290014759084,false,גבינת שמנת נפוליאון 16% מופחת שומן תנובה 225 גרם,תנובה מרכז שיתופי לש,,נפוליאון גבינת שמנת,גרמים,225.00,100 גרם,false,,12.90,0.0573,true,1,1411541
7290014759534,false,גבינה בולגרית למריחה טבעי 5% 200 ג' פיראוס,"תנובה, מחלבת תל יוסף",,גבינה בולגרית למריחה,גרמים,200.00,100 גרם,false,,13.90,0.0695,true,1,1411543
7290014759978,false,גבינת קצקבל גלעד 27% תנובה 200 גרם,תנובה חלב,,קצקבל גלעד 27% פלח 2,גרמים,200.00,100 גרם,false,,24.90,0.1245,true,1,1411544
7290014760448,false,גבינה צהובה גלבוע 400 גרם 22% שומן תנובה,מחלבת בית יצחק,,גבינה צהובה גלבוע 22,גרמים,400.00,100 גרם,false,,23.90,0.0597,true,1,1411552
7290014760912,false,פרוסות גבינה 28% שומן 400 ג' גוש חלב,תנובה מרכז שיתופי לש,,פרוסות גבינה חצי קשה,גרמים,400.00,100 גרם,false,,24.90,0.0622,true,1,1411555
7290014761056,false,מעדן שוקולד חלב יולו תנובה 123 גרם,מיוצר עי קונדיטוריית,,מעדן חלב עם שוקולד ח,גרמים,123.00,100 גרם,false,,4.30,0.0350,true,1,1411556
7290014761070,false,מעדן שוקולד לבן יולו תנובה 123 גרם,מיוצר עי קונדיטוריית,,מעדן חלב עם שוקולד ל,גרמים,123.00,100 גרם,false,,4.30,0.0350,true,1,1411558
7290014761193,false,יוגורט עם פירות יער 1.5% שומן 125 ג' פרילי,תנובה מרכז שיתופי לש,,פרילי פירות יער 1.5%,מיליליטרים,125.00,"100 מ""ל",false,,3.50,0.0280,true,1,1411559
7290014761612,false,מעדן שכבות שוקולד מריר ולבן יולו 122 גרם,מיוצר עי קונדיטוריית,,מעדן שכבות שוקולד לב,גרמים,123.00,100 גרם,false,,4.30,0.0350,true,1,1411563
7290014763272,false,יוגורט סויה BIO לשתיה תות ובננה אלטרנטיב,תות תעשיות מזון (201,,יוגורט סויה לשתיה תו,מיליליטרים,250.00,"100 מ""ל",false,,5.80,0.0232,true,1,1411582
7290014763395,false,גבינה צהובה עמק פרוס 28% 600 גרם מהדרין,תנובה מרכז שיתופי לש,,עמק סמי מעדניה 600 ג,גרמים,600.00,100 גרם,false,,29.90,0.0498,true,1,1411585
7290014791091,false,"שוויפס לימונייד 500 מ""ל",יפאורה שותפות מובגלת לשיווק,,שוופס מ. פירות למוני,מיליליטרים,500.00,"100 מ""ל",false,,5.50,0.0110,true,1,1407616
7290014791725,false,"שוויפס תפוחים מוגז 500 מ""ל",יפאורה שותפות מובגלת לשיווק,,שוופס מוגז תפוחים 50,מיליליטרים,500.00,"100 מ""ל",false,,5.50,0.0110,true,1,1407625
7290014803206,false,"חומץ יין אדום 5% 500מ""ל",COMTEMP,,חומץ בן יין אדום 5%,מיליליטרים,500.00,"100 מ""ל",false,,15.90,0.0318,true,1,1421121
7290014803565,false,צנימים עגולים עם חיטה מלאה 300 גרם,NEWLAT,,צנימים עגולים עם קמח,גרמים,300.00,100 גרם,false,,13.90,0.0463,true,1,1410346
7290014803770,false,סילאן תמר הערבה 900 גרם,ערבה,,סילאן סירופ תמרים נא,גרמים,900.00,100 גרם,false,,12.90,0.0143,true,1,1421905
7290014860049,true,"צ""ופסטיק במבו210 C -",,,"צ""ופסטיק במבו210 C -",יחידה,0.00,יחידה,false,,2999.90,0.0000,true,1,1423547
7290014860155,false,מחצלת במבו שטוחה 24X24 ס'מ,גולין פנגזו,,מחצלת במבו שטוחה 24X,יחידה,1.00,יחידה,false,,7.90,7.9000,true,1,1412126
7290014901827,true,מרכך שיער לנערות750,,,מרכך שיער לנערות750,יחידה,0.00,יחידה,false,,5.00,0.0000,true,1,1423035
7290014905498,false,הפי מטליות דו צדדיות בגליל 20 מטליות,ג'נרל מילס סאן אדריא,,גם וגם - מטלית דו צד,יחידה,20.00,יחידה,false,,12.90,0.6450,true,1,1439213
7290014905696,false,"נוזל כלים הפי מרוכז 24% לימון 750 מ""ל",יעקובי הפי,,נוזל לכלים - 24% חומ,מיליליטרים,750.00,"100 מ""ל",false,,8.90,0.0119,true,1,1439214
7290014918009,false,דלי שטיפה+פיה,פלנרו,,דלי איכותי,יחידה,1.00,יחידה,false,,17.90,17.9000,true,1,1430098
7290014935129,true,לבבות קיסר קופסה גדו,,,לבבות קיסר קופסה גדו,יחידה,0.00,יחידה,false,,13.90,0.0000,true,1,1418661
7290014940901,false,לחם פשוט מלא אנג'ל 750 גרם,מאפיית שלמה א. אנג'\ל בע,,לחם פשוט מלא 750 גרם,גרמים,750.00,100 גרם,false,,13.90,0.0185,true,1,1406770
7290014945043,true,צמרוני כותנה מעץ200,,,צמרוני כותנה מעץ200,יחידה,0.00,יחידה,false,,5.00,0.0000,true,1,1422950
7290014945265,true,3 מטליות מיקרופייבר,,,3מטליות מיקרופייבר,יחידה,0.00,יחידה,false,,6.00,0.0000,true,1,1422951
7290014974814,true,ג'ל עלמה אדום/כחול/ט,,,ג'ל עלמה אדום/כחול/ט,יחידה,0.00,יחידה,false,,8.90,0.0000,true,1,1419512
7290014974968,true,קרם מרשמלו תכלת בשפו,,,קרם מרשמלו תכלת בשפו,יחידה,0.00,יחידה,false,,13.90,0.0000,true,1,1427092
7290015009218,true,ניוקי עם ערמונים 300,,,ניוקי עם ערמונים 300,יחידה,0.00,יחידה,false,,8.90,0.0000,true,1,1425837
7290015014082,false,לבבות קיסר 250 גרם,,,לבבות קיסר 250 גרם,גרמים,250.00,100 גרם,false,,10.90,0.0436,true,1,1443461
7290015014182,false,לבבות קיסר בנספק רמי לוי,קטיף.,,לבבות קיסר בשקית רמי,יחידה,1.00,יחידה,false,,9.90,9.9000,true,1,1420932
7290015014274,false,צנוניות רמי לוי 500ג,,,צנוניות רמי לוי 500,גרמים,500.00,100 גרם,false,,5.90,0.0118,true,1,1420934
7290015014458,false,מרווה רמי לוי,,,מרווה,יחידה,1.00,יחידה,false,,5.90,5.9000,true,1,1420936
7290015014472,false,קורנית(בוסתן),,,טימין תקומה,יחידה,1.00,יחידה,false,,5.90,5.9000,true,1,1420938
7290015039246,false,נתחי טונה בשמן צמחי רביעיה * 160 ג' וילי פוד,וילי פוד,,נתחי טונה בהירה בשמן,גרמים,640.00,100 גרם,false,,19.70,0.0308,true,1,1408458
7290015039338,false,נתחי טונה במי מלח רביעיה * 160 ג' וילי פוד,וילי פוד,,נתחי טונה במי מלח וי,גרמים,640.00,100 גרם,false,,19.70,0.0308,true,1,1408460
7290015042246,true,ממרח פסטו בזיליקום8,,,ממרח פסטו בזיליקום8,יחידה,0.00,יחידה,false,,5.00,0.0000,true,1,1422952
7290015042260,true,ממרח זיתים ירוקים 80,,,ממרח זיתים ירוקים80,יחידה,0.00,יחידה,false,,5.00,0.0000,true,1,1422953
7290015130066,false,מארז 2 יח' מסכות KN9,,,מארז 2 יח' מסכות KN9,יחידה,2.00,יחידה,false,,15.00,7.5000,true,1,1428968
7290015130110,true,סביבון שווצריה קטן ח,,,סביבון שווצריה קטן ח,יחידה,0.00,יחידה,false,,4.90,0.0000,true,1,1418187
7290015130394,true,שי לחג- מדוגם ראש הש,,,שי לחג- מדוגם ראש הש,יחידה,0.00,יחידה,false,,129.90,0.0000,true,1,1418192
7290015139014,true,סוכריות על מקל תות 1,,,סוכריות על מקל תות 1,יחידה,0.00,יחידה,false,,5.00,0.0000,true,1,1407966
7290015139731,true,שלשות שוקולד מריר 85,,,שלשות שוקולד מריר85,יחידה,0.00,יחידה,false,,0.00,0.0000,true,1,1423548
7290015139868,true,איגלו שלוקים כשלפ 20,,,איגלו שלוקים כשלפ20,יחידה,0.00,יחידה,false,,5.00,0.0000,true,1,1422820
7290015150088,false,מחית עגבניות קלה גרנד איטליה 700 גרם,שוורצקוף& הנקל דיסלד,,מחית עגבניות קלה גרא,גרמים,700.00,100 גרם,false,,12.30,0.0176,true,1,1422679
7290015150910,true,תה ירוק לימונית יסמי,,,תה ירוק לימונית יסמי,יחידה,0.00,יחידה,false,,21.90,0.0000,true,1,1425905
7290015155830,false,מחית תפוחי עץ ובננה חטיפטף ללא תוספת סוכר,פרוטה פודווין איי.אס,,פאוץ' פרינוק תפוח בנ,גרמים,120.00,100 גרם,false,,6.50,0.0542,true,1,1408865
7290015193559,false,מעדני המלך אובלטים מלוחים 300 גרם,אם החיטה,,אובלטים מלוחים מעדני,גרמים,300.00,100 גרם,false,,9.90,0.0330,true,1,1438366
7290015193634,false,אובלטים דקיקים קימל מעדני המלך 300 גר',אם החיטה,,אובלטים קימל מעדני מ,גרמים,300.00,100 גרם,false,,9.90,0.0330,true,1,1438368
7290015193832,false,ארומה-קרקר עם שומשום 300 גרם,פפושדו,,ארומה קרקר שומשום 30,גרמים,300.00,100 גרם,false,,7.50,0.0250,true,1,1413264
7290015193849,false,ארומה-קרקר עם מלח 300 גרם,פפושדו,,ארומה קרקר מלח 300גר,גרמים,300.00,100 גרם,false,,7.50,0.0250,true,1,1413265
7290015220880,true,"פחם אקולוגי 2ק""ג",,,"פחם אקולוגי 2ק""ג",יחידה,0.00,יחידה,false,,9.90,0.0000,true,1,1408464
7290015251563,true,נוזל ניקוי חלונות75,,,נוזל ניקוי חלונות75,יחידה,0.00,יחידה,false,,5.00,0.0000,true,1,1422954
7290015282000,false,איקרא אדומה SEVEN SEAS 200 גרם,"סלטי שמיר 2006 בע""מ",,איקרה אדומה 200 גרם,גרמים,200.00,100 גרם,false,,13.90,0.0695,true,1,1439034
7290015282024,false,איקרא לבנה SEVEN SEAS 200 גרם,"סלטי שמיר 2006 בע""מ",,איקרה לבנה 200 גרם,גרמים,200.00,100 גרם,false,,13.90,0.0695,true,1,1439036
7290015282581,false,חומוס אבו גוש עם חריף שמיר 200 גרם,"סלטי שמיר 2006 בע""מ",,חומוס אבו גוש עם חרי,גרמים,200.00,100 גרם,false,,10.90,0.0545,true,1,1439037
7290015282598,false,חומוס מסעדות גורמה שמיר 200 גרם,"סלטי שמיר 2006 בע""מ",,חומוס מסעדות 200 גרם,גרמים,200.00,100 גרם,false,,10.90,0.0545,true,1,1439038
7290015282628,false,חציל בטעם כבד גורמה שמיר 200 גרם,"סלטי שמיר 2006 בע""מ",,חציל בטעם כבד 200 גר,גרמים,200.00,100 גרם,false,,11.90,0.0595,true,1,1439040
7290015282673,false,חציל במיונז ביתי גורמה שמיר 200 גרם,"סלטי שמיר 2006 בע""מ",,חציל במיונז ביתי 200,גרמים,200.00,100 גרם,false,,10.90,0.0545,true,1,1439041
7290015282697,false,כרוב אדום שמיר גורמה 200גר,"סלטי שמיר 2006 בע""מ",,כרוב אדום 200 גרם,גרמים,200.00,100 גרם,false,,11.90,0.0595,true,1,1439042
7290015282741,false,חציל תאילנדי אסלי שמיר 200 ג',"סלטי שמיר 2006 בע""מ",,חציל תאילנדי 200 גרם,גרמים,200.00,100 גרם,false,,11.90,0.0595,true,1,1439043
7290015306751,true,קמח עדשים אדומות500,,,קמח עדשים אדומות500,יחידה,0.00,יחידה,false,,0.00,0.0000,true,1,1423321
7290015340007,true,טחינה אתיופית מלאה3,,,טחינה אתיופית מלאה3,יחידה,0.00,יחידה,false,,0.00,0.0000,true,1,1423474
7290015340014,true,"קפה ירוק 200 ג """,,,"קפה ירוק 200 ג """,יחידה,0.00,יחידה,false,,0.00,0.0000,true,1,1423475
7290015340021,true,טחינה אתיופית מלאה7,,,טחינה אתיופית מלאה7,יחידה,0.00,יחידה,false,,0.00,0.0000,true,1,1423476
7290015340274,true,קמח טף ללא גלוטן300,,,קמח טף ללא גלוטן300,יחידה,0.00,יחידה,false,,0.00,0.0000,true,1,1423378
7290015340298,true,אבקת חרוב אורגני300,,,אבקת חרוב אורגני300,יחידה,0.00,יחידה,false,,0.00,0.0000,true,1,1423477
7290015340465,true,מלח הימלאיה טחון450,,,מלח הימלאיה טחון450,יחידה,0.00,יחידה,false,,0.00,0.0000,true,1,1423394
7290015340472,true,"תות מיובש 200 ג """,,,"תות מיובש 200 ג """,יחידה,0.00,יחידה,false,,0.00,0.0000,true,1,1423478
7290015348096,false,"למברוסקו רוזה 750 מ""ל ""אמיליאנו""",גאטטיקו איטליה,,למברוסקו אמיליאנו רו,מיליליטרים,750.00,"100 מ""ל",false,,25.20,0.0336,true,1,1410745
7290015366663,false,"משחת שיניים מנטה עדין אקווה פרש 100 מ""ל",גלקסוסמיתקליין,,משחת שיניים א.פרש עד,מיליליטרים,100.00,"100 מ""ל",false,,7.90,0.0790,true,1,1441796
7290015366670,false,משחת שיניים הגנה משולשת מנטה מרענן,גלקסוסמיתקליין,,משחת שיניים בטעם מנט,גרמים,100.00,100 גרם,false,,7.50,0.0750,true,1,1408795
7290015395939,false,חטיף אורז בטעם מתוק מלוח 120 גרם,דין שיווק,,חטיף יפני 150 גרם-שש,גרמים,150.00,100 גרם,false,,15.90,0.1060,true,1,1430922
7290015395960,false,בוטן רביולי בציפוי בטעם מלוח מתוק 200 ג' ENJOY,דין שיווק,,בוטן רביולי 150 גרם-,גרמים,150.00,100 גרם,false,,15.90,0.1060,true,1,1430923
7290015530910,false,חלה חצי מתוקה 350 גר,,,חלה חצי מתוקה 350 גר,גרמים,350.00,100 גרם,false,,5.90,0.0169,true,1,1417533
7290015562768,true,קש שחור -400 יח16 *,,,קש שחור -400 יח16 *,יחידה,0.00,יחידה,false,,2999.90,0.0000,true,1,1423137
7290015603188,false,אטריות ביצים 454ג' (כ) (fu),פוגיאן לונגהי אנלידה אינ,,איטריות ביצים 454 גר,גרמים,454.00,100 גרם,false,,9.90,0.0218,true,1,1412127
7290015603522,false,"נוזל אגוזי קוקוס 5%-7% 400 מ""ל",אסי אטיק גרו אינדוסט,,נוזל אגוזי קוקוס 5-7,מיליליטרים,400.00,"100 מ""ל",false,,6.90,0.0173,true,1,1412133
7290015603591,false,גינגר ורוד כבוש ללא מונוסודיום 160 גרם,ננטונג הידה אקוטיק פ,,ג'ינג'ר ורוד כבוש לל,גרמים,160.00,100 גרם,false,,7.90,0.0494,true,1,1412136
7290015603638,false,"אורז קלרוז 1 ק""ג (כ) (Minh)",מינה פונג גרין אגריק,,"אורז קלרוז 1 ק""ג",גרמים,1000.00,100 גרם,false,,11.90,0.0119,true,1,1412137
7290015611237,true,קמח פשתן 390גר',,,קמח פשתן 390גר',יחידה,0.00,יחידה,false,,13.90,0.0000,true,1,1427311
7290015611282,true,דייסת פשתן בתוספת שי,,,דייסת פשתן בתוספת שי,יחידה,0.00,יחידה,false,,13.90,0.0000,true,1,1427312
7290015633093,true,שרבט מנגו-פרווה,,,שרבט מנגו-פרווה,יחידה,0.00,יחידה,false,,0.00,0.0000,true,1,1426683
7290015640756,true,סבון ידים + משאבה75,,,סבון ידים + משאבה75,יחידה,0.00,יחידה,false,,5.00,0.0000,true,1,1422955
7290015640787,true,תחליב הגנה מיתושים,,,תחליב הגנה מיתושים,יחידה,0.00,יחידה,false,,5.00,0.0000,true,1,1422956
7290015644297,false,שישיית לחמניות פשוט מלא אנג'ל 450 גרם,מאפיית שלמה א. אנג'\ל בע,,לחמניות פשוט מלא אנג,יחידה,6.00,יחידה,false,,11.10,1.8500,true,1,1406771
7290015652346,false,פלפלים ירוקים חריפים מוחמצים 680 גרם,קרס סר קאן גידה לטד,,פלפלים ירוקים חריפים,גרמים,680.00,100 גרם,false,,10.90,0.0160,true,1,1437619
7290015657341,true,5קישים אישיים בטטה,,,5קישים אישיים בטטה,יחידה,0.00,יחידה,false,,0.00,0.0000,true,1,1423322
7290015657853,true,"קיש ברוקולי 16 אינץ""",,,"קיש ברוקולי 16 אינץ""",יחידה,0.00,יחידה,false,,0.00,0.0000,true,1,1423323
7290015681100,false,שניצלונים בציפוי שומשום רמי לוי 600 גרם,רמי לוי,,שניצלונים בציפוי שומ,גרמים,600.00,100 גרם,false,,24.90,0.0415,true,1,1427686
7290015681131,false,שניצלוני גן חיות רמי לוי 600 גרם,רמי לוי,,שניצלוני גן חיות רמי,גרמים,600.00,100 גרם,false,,24.90,0.0415,true,1,1427688
7290015681186,false,שניצל עוף אמיתי עם שומשום רמי לוי 700 גרם,רמי לוי,,שניצל עוף אמיתי בציפ,גרמים,700.00,100 גרם,false,,27.90,0.0399,true,1,1427693
7290015719797,false,חסה ערבית יחידה,,,חסה ערבית יחידה,קילוגרמים,1.00,"ק""ג",false,,5.70,5.7000,true,1,1438302
7290015821179,false,כוסות נייר שתיה חמה,,,כוסות נייר שתיה חמה,יחידה,50.00,יחידה,false,,11.90,0.2380,true,1,1439694
7290015834209,false,"ציפס קלאסי רמי לוי 2 ק""ג",קפוא-זן,,רמי לוי צ'יפס קלאסי,גרמים,2000.00,100 גרם,false,,23.90,0.0119,true,1,1413848
7290015834445,false,"ציפס סטיק רמי לוי 2 ק""ג",קפוא-זן,,רמי לוי סטיק צ'יפס 2,גרמים,2000.00,100 גרם,false,,21.90,0.0109,true,1,1413850
7290015834469,false,פרוסות דקל רמי לוי 220 גרם,טעמן,,לבבות דקל פרוסות במי,גרמים,400.00,100 גרם,false,,7.90,0.0198,true,1,1416393
7290015835039,false,כריות יפניות עבות רמי לוי 6 יח,רמי לוי,,כריות יפניות עבות רמ,יחידה,6.00,יחידה,false,,8.90,1.4833,true,1,1417142
7290015835060,false,כריות קרצוף רמי לוי 10 יח,רמי לוי,,כריות קרצוף 10 יחידו,יחידה,10.00,יחידה,false,,5.90,0.5900,true,1,1417143
7290015835077,false,ברזלית צילינדר רמי לוי 4 יח רמי לוי,פלסטו פוליש,,ברזלית 4 יח במארז,יחידה,4.00,יחידה,false,,7.50,1.8750,true,1,1435932
7290015835114,false,צמר פלדה רמי לוי 100 גרם,רמי לוי,,צמר פלדה 100 גרם,גרמים,100.00,100 גרם,false,,4.50,0.0450,true,1,1430926
7290015835121,false,מטליות רמי לוי 9 יח,רמי לוי,,מטליות רמי לוי 9 יח,יחידה,9.00,יחידה,false,,8.90,0.9889,true,1,1417145
7290015835756,false,שיבולת שועל דק רמי לוי 500 גרם,רמי לוי,,שיבולת שועל דקה 500,גרמים,500.00,100 גרם,false,,4.90,0.0098,true,1,1417104
7290015835763,false,שיבולת שועל עבה רמי לוי 500 גרם,רמי לוי,,שיבולת שועל עבה 500,גרמים,500.00,100 גרם,false,,4.90,0.0098,true,1,1417105
7290015835930,false,מגבות נייר רמי לוי 8 יח,רמי לוי,,מגבות נייר רמי לוי 8,יחידה,8.00,יחידה,false,,13.50,1.6875,true,1,1434223
7290015858106,false,"ממרח פסטו ביתי 180 גרם ""עללחם""","מדשא תעשיות מזון בע""\מ",,ממרח פסטו ביתי עללחם,גרמים,180.00,100 גרם,false,,15.90,0.0883,true,1,1414552
7290015858687,false,עללחם ממרח איולי שום 295 גרם,"מדשא תעשיות מזון בע""\מ",,איולי שום עללחם 295,גרמים,295.00,100 גרם,false,,15.90,0.0539,true,1,1442540
7290015866132,false,כרובית,,,כרובית,יח',1.00,יח',false,,9.90,9.9000,true,1,1435610
7290015899215,false,אקונומיקה ללא בישום רמי לוי 4 ליטר,רמי לוי,,אקונומיקה ללא בישום,מיליליטרים,4000.00,"100 מ""ל",false,,11.90,0.0030,true,1,1428973
7290015899253,false,מרכך כביסה ורוד רמי לוי 4 ליטר,רמי לוי,,מרכך כביסה ורוד 4 לי,מיליליטרים,4000.00,"100 מ""ל",false,,16.90,0.0042,true,1,1408076
7290015899307,false,מרכך מרוכז ורוד רמי לוי 1 ליטר,רמי לוי,,מרכך מרוכז ורוד רמי,מיליליטרים,1000.00,"100 מ""ל",false,,9.50,0.0095,true,1,1408079
7290015979559,false,חסה ערבית יחידה,,,חסה ערבית יחידה,קילוגרמים,1.00,"ק""ג",false,,5.70,5.7000,true,1,1410880
7290016006346,false,שוופס סודה 0.5 ליטר מארז שישייה,יפאורה שותפות מובגלת לשיווק,,שישיית שוופס סודה 50,מיליליטרים,3000.00,"100 מ""ל",false,,14.20,0.0047,true,1,1407637
7290016034493,true,לפתן שבלול כסף-אר' 1,,,לפתן שבלול כסף-אר' 1,יחידה,0.00,יחידה,false,,8.90,0.0000,true,1,1427088
7290016034516,true,קסרול שבלול כסף-אר'1,,,קסרול שבלול כסף-אר'1,יחידה,0.00,יחידה,false,,8.90,0.0000,true,1,1427089
7290016087147,false,רוטב עגבניות מתובל לפיצה מרגריטה 240 גרם,פריניר,,פריניר רוטב פיצה מרג,גרמים,240.00,100 גרם,false,,5.50,0.0229,true,1,1413277
7290016087239,false,רוטב עגבניות מרוכז לשקשוקה פיקנטי פריניר 230 גרם,פריניר,,פריניר שקשוקה חריף 2,גרמים,230.00,100 גרם,false,,5.50,0.0239,true,1,1413085
7290016106091,true,קרקר בתוספת שומשום1,,,קרקר בתוספת שומשום1,יחידה,0.00,יחידה,false,,5.00,0.0000,true,1,1423038
7290016106411,false,פרוסות מנגו 425 גרם בסירופ קל,לונגהי גואנגפה פוד ב,,"פרוסות מנגו בסירופ """,גרמים,425.00,100 גרם,false,,6.90,0.0162,true,1,1408327
7290016136340,true,"ג""ל רחצה אורכידאה40",,,"ג""ל רחצה אורכידאה40",יחידה,0.00,יחידה,false,,5.00,0.0000,true,1,1423041
7290016144024,false,"קמח כוסמין מלא נפלאות 100% 1 ק""ג",קמח מלכים,,קמח כוסמין מלא 100%,גרמים,1000.00,100 גרם,false,,16.90,0.0169,true,1,1431363
7290016150117,false,סלק אדום מבושל 500 ג' בוואקום,ג'ואבג'י יואייבי,,סלק מבושל בוואקום,גרמים,500.00,100 גרם,false,,5.90,0.0118,true,1,1406424
7290016188509,true,מרלו אזורית 750מל',,,מרלו אזורית 750מל',יחידה,0.00,יחידה,false,,59.90,0.0000,true,1,1426764
7290016188516,true,יין גליל עליון קברנה,,,יין גליל עליון קברנה,יחידה,0.00,יחידה,false,,59.90,0.0000,true,1,1417029
7290016188523,true,יין קברנה שיראז אזור,,,יין קברנה שיראז אזור,יחידה,0.00,יחידה,false,,59.90,0.0000,true,1,1417030
7290016197136,true,תבניות מאפינס גדולות,,,תבניות מאפינס גדולות,מטרים,0.00,מטר,false,,5.00,0.0000,true,1,1408755
7290016233087,true,נתחי טונה בשמן בלה 1,,,נתחי טונה בשמן בלה1,יחידה,0.00,יחידה,false,,5.00,0.0000,true,1,1422957
7290016233278,true,"פטריות שלמות 340 גר""",,,"פטריות שלמות 340 גר""",יחידה,0.00,יחידה,false,,0.00,0.0000,true,1,1423514
7290016233384,false,גפילטע פיש 7 קציצות 540 גרם תומר,דג טעים ירושלים,,גפילטע פיש 555 גרם,יחידה,7.00,יחידה,false,,14.90,2.1286,true,1,1407860
7290016233773,true,רוטב טריאקי כשלפ 300,,,רוטב טריאקי כשלפ300,יחידה,0.00,יחידה,false,,5.00,0.0000,true,1,1423074
7290016255539,true,תחליב הגנה SPF50,,,תחליב הגנה SPF50,יחידה,0.00,יחידה,false,,5.00,0.0000,true,1,1422958
7290016255737,false,מרכך כביסה סגול רמילוי 4 ליט,,,מרכך כביסה סגול לוונ,מיליליטרים,4000.00,"100 מ""ל",false,,16.90,0.0042,true,1,1408084
7290016270273,false,כרובית ארוזה גן הירק,משתנה,,כרובית,יח',1.00,יח',false,,9.90,9.9000,true,1,1427652
7290016270709,false,עגבניות שרי אשכולות,ביכורי השקמה,,עגבניות שרי,יחידה,1.00,יחידה,false,,8.90,8.9000,true,1,1410881
7290016272796,false,נייר טואלט רמי לוי 30 יח,,,נייר טואלט רמי לוי 3,יחידה,30.00,יחידה,false,,26.90,0.8967,true,1,1417470
7290016272802,false,מגבות נייר רמי לוי 6,,,מגבות נייר רמי לוי 6,יחידה,6.00,יחידה,false,,10.90,1.8167,true,1,1417471
7290016273182,false,ציפס אמריקאי רמי לוי,,,רמי לוי צ'יפס אמריקא,גרמים,1500.00,100 גרם,false,,18.90,0.0126,true,1,1413852
7290016304053,false,חלה שמניה 500 גרם,,,חלה שמניה 500 גרם,גרמים,500.00,100 גרם,false,,5.17,0.0103,true,1,1417536
7290016304060,false,חלה רגילה 500 גרם,,,חלה רגילה 500 גרם,גרמים,500.00,100 גרם,false,,5.17,0.0103,true,1,1417537
7290016304404,false,לחם קוביות 100% כוסמין 600 גרם,מאפיית דוידוביץ ובניו בע,,לחם קוביות כוסמין 60,גרמים,600.00,100 גרם,false,,16.90,0.0282,true,1,1417543
7290016304596,false,לחמניות לסנדביץ 75 גרם,מאפית דוידוביץ ובניו,,לחמניות רגילות דוידו,גרמים,750.00,100 גרם,false,,13.90,0.0185,true,1,1429620
7290016334050,false,סלרי חתוך,,,סלרי חתוך,יחידה,1.00,יחידה,false,,5.90,5.9000,true,1,1420941
7290016334173,false,פלפל טינקרבל ארוז,קטיף.,,פלפלונים רמי לוי,יחידה,1.00,יחידה,false,,9.90,9.9000,true,1,1420944
7290016334180,false,מלפפון בייבי רמי לוי,,,מלפפון בייבי רמי לוי,יחידה,1.00,יחידה,false,,9.90,9.9000,true,1,1420945
7290016334296,false,ברוקולי ארוז מגשית,,,ברוקולי רמי לוי,יחידה,1.00,יחידה,false,,9.90,9.9000,true,1,1420947
7290016334395,false,שיבה רמי לוי,,,שיבה,יחידה,1.00,יחידה,false,,5.90,5.9000,true,1,1420949
7290016334456,false,בזיליקום רמי לוי,,,בזיליקום,יחידה,1.00,יחידה,false,,5.90,5.9000,true,1,1420951
7290016334654,false,תרד ניו זילנדי רמי לוי,,,תרד ניו זילנדי רמי ל,גרמים,300.00,100 גרם,false,,12.90,0.0430,true,1,1420961
7290016334784,false,ג'ינג'ר ארוז ברכת קטיף 200 גרם,,,ג'ינג'ר ארוז,יחידה,1.00,יחידה,false,,8.90,8.9000,true,1,1420962
7290016334814,false,חסה סלנובה רמי לוי,,,חסה סלנובה רמי לוי,יחידה,1.00,יחידה,false,,9.90,9.9000,true,1,1420964
7290016334883,false,עגבניות שרי תמר,,,עגבניות שרי תמר,יחידה,1.00,יחידה,false,,9.90,9.9000,true,1,1420965
7290016334890,false,עגבניות שרי ליקופן,,,עגבניות שרי ליקופן,יחידה,1.00,יחידה,false,,9.90,9.9000,true,1,1420966
7290016334906,false,עגבניות שרי מיקס,,,עגבניות שרי מיקס,יחידה,1.00,יחידה,false,,11.90,11.9000,true,1,1420967
7290016370973,false,פלפל קלוי (גמביה) בצנצנת קבוצת יבנה 390 גרם,קוזט אס.אי. פיין פודס,,פלפל קלוי על האש 560,גרמים,560.00,100 גרם,false,,10.90,0.0195,true,1,1413281
7290016372922,false,תה ירוק בטעם קינמון גינגיר וכורכום עם מאצה יפנית,ויסוצקי ירוק,,תה ירוק קינמון ג'ינג,יחידה,25.00,יחידה,false,,24.90,0.9960,true,1,1406715
7290016408119,false,טרליני כעכים בטעם קלאסי 225 גר' - בדץ,אפוליה פוד,,מיני כעכים בטעם קלאס,גרמים,225.00,100 גרם,false,,6.50,0.0289,true,1,1407984
7290016408133,false,טרליני כעכים בטעם בצל וזיתים 225 גר' - בדץ,אפוליה פוד,,מיני כעכים בתוספת בצ,גרמים,225.00,100 גרם,false,,6.50,0.0289,true,1,1407986
7290016429312,true,כוס שתיה חמה מנייר1,,,כוס שתיה חמה מנייר1,יחידה,0.00,יחידה,false,,0.00,0.0000,true,1,1423423
7290016448887,false,שפרוטים מעושנים בשמן,אודסקי קונסרברי זאבו,,שפרוטים 240 גרם,גרמים,240.00,100 גרם,false,,8.90,0.0371,true,1,1433012
7290016509342,false,סוד מארז טריו כדוריות לאסלה כחול אקטיבי אקונומיקה,הנקל סוד,,סבון לאסלה כחול אקטי,גרמים,150.00,100 גרם,false,,18.90,0.1260,true,1,1437992
7290016509786,false,פרסיל גל לכביסה לבנה וצבעונית-ירוק 2.5 ל,"הנקל סוד בע""\מ",,פרסיל ג'ל 2.5 ליטר י,מיליליטרים,2500.00,"100 מ""ל",false,,35.90,0.0144,true,1,1408824
7290016542547,true,בירה וקסמן בקבוק 500,,,בירה וקסמן בקבוק500,יחידה,0.00,יחידה,false,,5.00,0.0000,true,1,1423096
7290016542844,true,סיידר אגסים - נסיך 3,,,סיידר אגסים - נסיך3,יחידה,0.00,יחידה,false,,5.00,0.0000,true,1,1423047
7290016601558,false,מגבונים לניקוי כללי,,,מגבונים לניקוי כללי,יחידה,400.00,יחידה,false,,18.90,0.0472,true,1,1428493
7290016609141,false,אפונה וגזר רמי לוי 5,,,אפונה וגזר רמי לוי 5,גרמים,550.00,100 גרם,false,,6.50,0.0118,true,1,1413283
7290016609172,false,שעועית לבנה ברוטב עגבניות 335 גר,,,שעועית לבנה אפויה בר,גרמים,580.00,100 גרם,false,,6.50,0.0112,true,1,1413285
7290016609189,false,גרעיני תירס 335 גר רמי לוי,,,גרעיני תירס מתוק רמי,גרמים,550.00,100 גרם,false,,5.90,0.0107,true,1,1413286
7290016624434,false,מרק מסיבה-אר' 10,WWP,,מרק מסיבה-אר' 10,יחידה,0.00,יחידה,false,,4.90,0.0000,true,1,1419476
7290016667042,false,קשיות פסים זברה עבים 20 יח',עבדו,,קשיות פסים זברה עבים,יחידה,20.00,יחידה,false,,9.90,0.4950,true,1,1437579
7290016667387,false,"פחם ברגע 2.2 ק""ג",,,"פחם ברגע 2.2 ק""ג",קילוגרמים,2.20,"100 ק""ג",false,,20.90,9.5000,true,1,1441183
7290016667707,false,"דפי אורז 270 ג 22 ס""מ 24 דפים",,,"דפי אורז 22 ס""מ 270",גרמים,270.00,100 גרם,false,,9.90,0.0367,true,1,1435135
7290016667806,false,"מיכל מלח הימלאיה עבה 1 ק""ג",,,מלח הימלאיה עבה 500,גרמים,500.00,100 גרם,false,,13.90,0.0278,true,1,1435136
7290016667981,false,"דפי אורז 270 ג 22 ס""מ 24 דפים",,,דפי אורז מרובעים 22,גרמים,270.00,100 גרם,false,,9.90,0.0367,true,1,1435139
7290016682090,true,מיץ תמר בננה 400מל',,,מיץ תמר בננה 400מל',יחידה,0.00,יחידה,false,,7.90,0.0000,true,1,1425921
7290016682144,true,משקה קל תפוח קיווי א,,,משקה קל תפוח קיווי א,יחידה,0.00,יחידה,false,,7.90,0.0000,true,1,1425922
7290016682243,false,פריניב מיץ אשכולית אדומה סחוט 1 ליטר,פריניב,,מיץ אשכולית אדומה סח,מיליליטרים,1000.00,"100 מ""ל",false,,17.20,0.0172,true,1,1421938
7290016682380,false,מיץ טבעי לימונדה ולואיזה פרי ניב 2 ליטר-,פרי ניב,,לימונדה לואיזה ולימו,מיליליטרים,2000.00,"100 מ""ל",false,,26.20,0.0131,true,1,1439656
7290016717051,false,משקה Buzz מוגז בטעם רימון מבוסס יין אדום מתוק,יקבי כרמל Carmel Winery,,יין מבעבע אדום רימון,מיליליטרים,750.00,"100 מ""ל",false,,27.90,0.0372,true,1,1428645
7290016733044,false,מטליות ריצפה מיקרופייבר שלישייה רמי לוי,,,סחבת רצפה מיקרופייבר,יחידה,3.00,יחידה,false,,15.90,5.3000,true,1,1417147
7290016733051,false,מטליות ניקוי כללי מיקרופייבר עשירייה רמי לוי,,,מטליות מיקרופייבר 10,יחידה,10.00,יחידה,false,,13.90,1.3900,true,1,1417148
7290016733259,false,סלק מבושל בוואקום 500ג,,,סלק אדום מקולף רמי ל,יחידה,1.00,יחידה,false,,5.90,5.9000,true,1,1406425
7290016733891,false,טבעות בצל רמי לוי 60,קפוא-זן,,טבעות בצל רמי לוי 60,גרמים,600.00,100 גרם,false,,14.90,0.0248,true,1,1427699
7290016865080,false,שניצל דק בציפוי שומשום 700 ג,,,שניצל דק בציפוי שומש,גרמים,700.00,100 גרם,false,,25.90,0.0370,true,1,1427700
7290016866650,false,"פרודונטקס - משחת שיניים אוריג'ינל 75 מ""ל",פרודונטקס Parodontax,,משחת פרודונטקס אוריג,גרמים,75.00,100 גרם,false,,30.90,0.4120,true,1,1408802
7290016912500,false,"ד""ר פישר - אפקטיב קר תרחיץ פנים לעור רגיש 180 מ""ל",פישר מעבדות פרמצבטיות בע,,אפקטיב קר תרחיץ פנים,מיליליטרים,180.00,"100 מ""ל",false,,17.90,0.0994,true,1,1417082
7290016967074,false,לחם חיטה מלאה עם גרעינים ודגנים,מאפיית שלמה א. אנג'\ל בע,,לחם חיטה מלאה אנג'ל,גרמים,750.00,100 גרם,false,,14.90,0.0199,true,1,1406775
7290016987133,true,פרוטיז מוגז בטעם אננ,,,פרוטיז מוגז בטעם אננ,יחידה,0.00,יחידה,false,,4.90,0.0000,true,1,1416283
7290016998320,false,לבבות קיסר נטורזה יח,נטורזה,,לבבות קיסר 250 גרם,גרמים,250.00,100 גרם,false,,10.90,0.0436,true,1,1435227
7290017023298,true,FRUIT WATER בטעם אננ,,,FRUIT WATER בטעם אננ,יחידה,0.00,יחידה,false,,19.90,0.0000,true,1,1425767
7290017031705,false,"סנסודיין משחת שיניים קלין & פרש 75 מ""ל",גלקסוס סמית קליין,,משחת שיניים רגישות ק,מיליליטרים,75.00,"100 מ""ל",false,,21.90,0.2920,true,1,1423717
7290017058115,false,מלפפון קורנישון סגנו,קולמן,,מלפפונים קורנישונים,גרמים,720.00,100 גרם,false,,9.90,0.0138,true,1,1407869
7290017058252,true,אטריות ל. גלוטן פנה,,,אטריות ל. גלוטן פנה,יחידה,0.00,יחידה,false,,6.50,0.0000,true,1,1423692
7290017065007,false,פרוסות גבינה מוצרלה חצי קשה 22% שומן 200 ג' גד,מחלבות גד בעמ,,מוצרלה פרוסות 22% 20,גרמים,200.00,100 גרם,false,,16.90,0.0845,true,1,1413791
7290017065137,false,ריקוטה למריחה 5% טבעית 200 גרם - רובין,האי נאם סי או אל.טי.,,ריקוטה למריחה 5% טבע,גרמים,200.00,100 גרם,false,,10.70,0.0535,true,1,1413792
7290017065786,false,"גבינת צ`דר מחלבות גד , 210 גרם","מחלבות גד בע""\מ",,גבינת צ'דר 200 גרם,גרמים,200.00,100 גרם,false,,21.90,0.1095,true,1,1438216
7290017079134,false,פתיתים אורז 500ג רמילוי,,,פתיתים אורז - רמי לו,גרמים,500.00,100 גרם,false,,3.90,0.0078,true,1,1416425
7290017079677,false,שוקולד חלב 270 גרם טעמן,מילאנו ספולקה זד,,שוקולד חלב טעמן 270,גרמים,270.00,100 גרם,false,,13.90,0.0515,true,1,1440716
7290017079714,false,שוקולד חלב עם בוטנים 270 גרם טעמן,מילאנו ספולקה זד,,שוקולד חלב עם בוטנים,גרמים,270.00,100 גרם,false,,13.90,0.0515,true,1,1440742
7290017088068,false,בייביסיטר - חיתולי סטנדרט מידה 4 - 42 יח',די.פי.אל תעשיות מוצרים ח,,בייביסיטר משופר מידה,יחידה,42.00,יחידה,false,,32.90,0.7833,true,1,1416938
7290017088075,false,בייביסיטר - חיתולי סטנדרט מידה 4+ - 40 יח',די.פי.אל תעשיות מוצרים ח,,בייביסיטר משופר מידה,יחידה,40.00,יחידה,false,,32.90,0.8225,true,1,1416939
7290017094847,false,סלט תפוחי אדמה אסלי שמיר 400 ג',"סלטי שמיר 2006 בע""מ",,סלט תפוח אדמה אסלי 4,גרמים,400.00,100 גרם,false,,11.90,0.0298,true,1,1439051
7290017105468,false,מארז שלישייה אפונה קטנה יכין 3*200 גר,קשקמט קונסרב הונגריה,,אפונה שלשות יכין 420,גרמים,420.00,100 גרם,false,,11.90,0.0283,true,1,1427739
7290017105895,false,גרגרי חומוס להכנת חומוס משובח יכין 560 ג,זנלכל,,יכין - גרגירי חומוס,גרמים,550.00,100 גרם,false,,9.90,0.0180,true,1,1434357
7290017121093,false,"אריסה חריפה 250 גרם ""עללחם""","מדשא תעשיות מזון בע""\מ",,אריסה חריפה עללחם 25,גרמים,250.00,100 גרם,false,,13.90,0.0556,true,1,1425681
7290017121109,true,סילאן טבעי עללחם350,,,סילאן טבעי עללחם350,יחידה,0.00,יחידה,false,,0.00,0.0000,true,1,1423534
7290017121116,true,סילאן טבעי עללחם900,,,סילאן טבעי עללחם900,יחידה,0.00,יחידה,false,,0.00,0.0000,true,1,1423533
7290017129754,false,"שוקולד מריר מעולה 70% מוצקי קקאו 100 גר בד""ץ","כרמית תעשיות ממתקים בע""\",,שוקולד מריר מעולה 70,גרמים,100.00,100 גרם,false,,7.90,0.0790,true,1,1408019
7290017129761,false,שוקולד פרימיום 70% מריר בטעם תפוז כרמית 100 גרם,"כרמית תעשיות ממתקים בע""\",,שוקולד מריר מעולה 70,גרמים,100.00,100 גרם,false,,7.90,0.0790,true,1,1408020
7290017129822,false,מטבעות שוקולד מריר כרמית 36 גרם,כרמית,,מטבעות שוקולד מריר 3,גרמים,36.00,100 גרם,false,,3.90,0.1083,true,1,1408025
7290017129952,true,מטבעות שוקולד מריר מ,,,מטבעות שוקולד מריר מ,יחידה,0.00,יחידה,false,,15.90,0.0000,true,1,1408029
7290017129976,true,מטבעות שוקולד לבן לא,,,מטבעות שוקולד לבן לא,יחידה,0.00,יחידה,false,,15.90,0.0000,true,1,1408030
7290017142395,false,"LUNCH TO GO פסטה עם טונה בשמן זית 160 גרם ""עץ הזית""",יוניקורד ח.צ בעמ,,ארוחת טונה עם פסטה ב,גרמים,160.00,100 גרם,false,,14.90,0.0931,true,1,1433771
7290017142401,false,"LUNCH TO GO קינואה לבנה ואדומה טונה בשמן זית 160 גרם ""עץ הזית""",ג'נרל מילס סאן אדריא,,ארוחת טונה עם קינואה,גרמים,160.00,100 גרם,false,,14.90,0.0931,true,1,1433772
7290017189192,false,"אדממה פולי סויה 1 ק""ג",משק ויילר,,"פולי סויה אדממה 1 ק""",קילוגרמים,1.00,"ק""ג",false,,15.90,15.9000,true,1,1440207
7290017197067,false,מגבונים בייבי בישום עדין 100 יח רמי לוי,,,מגבונים לחים בייבי,יחידה,1.00,יחידה,false,,5.90,5.9000,true,1,1415639
7290017197159,false,שמפו ומרכך 2 ב1 נועה נגד קשקשים 750 מל רמי לוי,,,נועה שמפו ומרכך נגד,מיליליטרים,750.00,"100 מ""ל",false,,7.90,0.0105,true,1,1440845
7290017197388,false,מגבונים הפי דייז מבושם 72*6 רמי לוי,,,מגבונים לחים הפי דיי,יחידה,6.00,יחידה,false,,19.90,3.3167,true,1,1415643
7290017197395,false,מגבונים הפי דייז ללא בישום 72*6 רמי לוי,,,מגבונים לחים הפי דיי,יחידה,6.00,יחידה,false,,19.90,3.3167,true,1,1415644
7290017197425,false,מגבונים בייבי מבושם 4*72 רמי לוי,,,מגבונים לחים ללא ביש,יחידה,4.00,יחידה,false,,15.90,3.9750,true,1,1429103
7290017197432,false,מגבונים בייבי ללא בישום 4*72 רמי לוי,,,מגבונים לחים ללא ביש,יחידה,4.00,יחידה,false,,15.90,3.9750,true,1,1429104
7290017197449,false,מגבונים בייבי לעור רגיש 4*72 רמי לוי,,,מגבונים לחים ללא ביש,יחידה,4.00,יחידה,false,,15.90,3.9750,true,1,1415645
7290017197524,false,שמפו נועה לשיער רגיל מרוקאי 750 מל רמי לוי,,,נועה שמפו לשיער רגיל,מיליליטרים,750.00,"100 מ""ל",false,,7.90,0.0105,true,1,1415648
7290017197548,false,מרכך נועה מרוקאי לשיער רגיל 750 מל רמי לוי,,,נועה מרכך לשיער רגיל,מיליליטרים,750.00,"100 מ""ל",false,,7.90,0.0105,true,1,1415650
7290017197616,false,אל סבון בניחוח פירות 1 ליטר,,,אל סבון בניחוח פירות,מיליליטרים,1000.00,"100 מ""ל",false,,7.90,0.0079,true,1,1429342
7290017197647,false,אל סבון בניחוח מאסק 1 ליטר,,,אל סבון בניחוח מאסק,מיליליטרים,1000.00,"100 מ""ל",false,,7.90,0.0079,true,1,1429344
7290017197685,false,שלישייה מגבוני טואלט לחים,,,מגבוני נייר טואלט רמ,יחידה,3.00,יחידה,false,,9.90,3.3000,true,1,1415654
7290017197838,false,שמפו וגל רחצה לגבר נועה,,,שמפו וג'ל רחצה לגבר,מיליליטרים,750.00,"100 מ""ל",false,,8.90,0.0119,true,1,1415655
7290017197944,false,סבון קצף לידיים אלוורה,,,סבון קצף לידיים מועש,מיליליטרים,500.00,"100 מ""ל",false,,7.90,0.0158,true,1,1415656
7290017266343,false,וופל קראנץ במילוי קרם שוקולד 150 גרם,גילרו,,עלמה- ופל במילוי קרם,גרמים,150.00,100 גרם,false,,3.50,0.0233,true,1,1413312
7290017266909,false,וופלים מעולים במילוי קרם בטעם שוקולד SUNי 200 גרם,"גילרו בע""מ",,וופלים מעולים במילוי,גרמים,200.00,100 גרם,false,,5.50,0.0275,true,1,1440652
7290017266916,false,וופלים מעולים במילוי קרם בטעם לימון SUNי 200 גרם,"גילרו בע""מ",,וופלים מעולים במילוי,גרמים,200.00,100 גרם,false,,5.50,0.0275,true,1,1440653
7290017291093,false,סלק אדום מקולף רמי ל,,,סלק אדום מקולף רמי ל,יחידה,1.00,יחידה,false,,5.90,5.9000,true,1,1432290
7290017291123,false,שום ייבוא ליח,עטרה,,שום ארוז יבוא,יחידה,1.00,יחידה,false,,7.90,7.9000,true,1,1440109
7290017304885,false,לחם שיפון מחיטה מלאה ללא תוספת סוכר 750 ג' אנג'ל,מאפיית שלמה א. אנג'\ל בע,,לחם שיפון וחיטה מלאה,גרמים,750.00,100 גרם,false,,14.90,0.0199,true,1,1406777
7290017389967,false,ערמונים קלופים 100 גר קליית השקמה,,,ערמונים קלופים שלמים,גרמים,100.00,100 גרם,false,,5.90,0.0590,true,1,1427600
7290017406237,true,אורז בסמטי פרסי 400,,,אורז בסמטי פרסי 400,גרמים,0.00,100 גרם,false,,9.90,0.0000,true,1,1425729
7290017457727,false,"סוד כחול מרכך כביסה מרוכז20%+בישום 900 מ""ל",הנקל סוד,,מרכך מרוכז כחול סוד,מיליליטרים,900.00,"100 מ""ל",false,,11.90,0.0132,true,1,1408828
7290017504018,false,זוג פטריות שמפניון א,,,פטריות זוגות לבן (פט,יחידה,1.00,יחידה,false,,17.90,17.9000,true,1,1420971
7290017504025,false,פטריות פורטבלה ברכת קטיף,,,פטריות פורטבלה א.א (,יחידה,1.00,יחידה,false,,10.90,10.9000,true,1,1420972
7290017504032,false,זוג פטריות שמפניון ו,,,פטריות זוגות איטלקי,יחידה,1.00,יחידה,false,,17.90,17.9000,true,1,1420973
7290017513409,false,תה ירוק SUPER GREEN 87 גרםבטעם אוכמניות ואסאי,תה ויסוצקי,,תה ירוק עם צמחים סגו,יחידה,25.00,יחידה,false,,24.90,0.9960,true,1,1406726
7290017513829,false,תה ירוק לימונית ג'ינג'ר 25 שקיקים בתוספת ויטמין Cּּ+D,ויסוצקי ירוק,,תה ירוק לימונית וג'י,גרמים,37.50,100 גרם,false,,24.90,0.6640,true,1,1433090
7290017520414,true,יין אצילות מרלו זהב,,,יין אצילות מרלו זהב,יחידה,0.00,יחידה,false,,34.90,0.0000,true,1,1425354
7290017586007,false,גזר ארוז,,,גזר ארוז,קילוגרמים,1.00,"ק""ג",true,,4.90,4.9000,true,1,1442367
7290017593036,true,תירס,,,תירס,יחידה,0.00,יחידה,false,,11.90,0.0000,true,1,1428403
7290017641119,false,שוקולד פרימיום 85% מריר כרמית 100 גרם,כרמית תעשיות ממתקים בעמ,,שוקולד פרימיום 85% ב,גרמים,100.00,100 גרם,false,,7.90,0.0790,true,1,1408039
7290017641607,false,מרשמלו מושי 100 גרם,,,מרשמלו מושי 100 גרם,גרמים,100.00,100 גרם,false,,3.90,0.0390,true,1,1428033
7290017687346,false,שקית מולחמת קופיקס,,,שקית מולחמת קופיקס,יחידה,1.00,יחידה,false,,2.00,2.0000,true,1,1427713
7290017687353,false,תיק תפור קופיקס,,,תיק תפור קופיקס,יחידה,1.00,יחידה,false,,2.90,2.9000,true,1,1428546
7290017687384,false,צידנית קופיקס,,,צידנית קופיקס,יחידה,1.00,יחידה,false,,6.90,6.9000,true,1,1427727
7290017715186,false,"טורטיה חיטה מלאה 20 ס""מ 320 גרם",,,טורטיה חיטה מלאה תומ,גרמים,320.00,100 גרם,false,,9.90,0.0309,true,1,1435662
7290017800004,true,קישוא זוקיני,,,קישוא זוקיני,יחידה,0.00,יחידה,false,,9.90,0.0000,true,1,1406426
7290017812052,false,יין שיראז-קברנה סוביניון אקסלנס יקבי כרמל,יקבי כרמל Carmel Winery,,יין אדום יבש אקסלנס,מיליליטרים,750.00,"100 מ""ל",false,,27.20,0.0363,true,1,1417039
7290017812069,false,יין אמרלד ריזלינג שרדונה אקסלנס Excellence,יקבי כרמל Carmel Winery,,יין לבן חצי יבש אקסל,מיליליטרים,750.00,"100 מ""ל",false,,27.20,0.0363,true,1,1417040
7290017812083,false,מיץ תירוש אדום רמי לוי 1 לי,,,תירוש ענבים אדום רמי,מיליליטרים,1000.00,"100 מ""ל",false,,13.20,0.0132,true,1,1417435
7290017812090,false,מיץ תירוש לבן רמי לוי 1 לי,,,תירוש ענבים לבן רמי,מיליליטרים,1000.00,"100 מ""ל",false,,13.90,0.0139,true,1,1417436
7290017845029,false,פטריות צמד משפחתי (מ,,,פטריות צמד משפחתי (מ,יחידה,1.00,יחידה,false,,17.90,17.9000,true,1,1428445
7290017864341,false,תפוא למיקרו רמי לוי,,,"תפו""א למיקרו 700 גרם",יחידה,1.00,יחידה,false,,7.90,7.9000,true,1,1428929
7290017864358,false,נענע ארוז רמי לוי,,,נענע ארוז רמי לוי,יחידה,1.00,יחידה,false,,4.90,4.9000,true,1,1433027
7290017864365,false,פטרוזליה ארוז רמי לוי,,,פטרוזיליה ארוז רמי ל,יחידה,1.00,יחידה,false,,4.90,4.9000,true,1,1433028
7290017864372,false,שמיר ארוז רמי לוי,,,שמיר ארוז רמי לוי,יחידה,1.00,יחידה,false,,4.90,4.9000,true,1,1433029
7290017864389,false,כוסברה ארוז רמי לוי,,,כוסברה ארוז רמי לוי,יחידה,1.00,יחידה,false,,4.90,4.9000,true,1,1433030
7290017864396,false,סלרי ארוז רמי לוי,,,סלרי ארוז רמי לוי,יחידה,1.00,יחידה,false,,6.90,6.9000,true,1,1433031
7290017864402,false,עלי מנגולד ארוז רמי לוי,,,עלי מנגולד ארוז רמי,יחידה,1.00,יחידה,false,,6.90,6.9000,true,1,1433032
7290017864419,false,שורש פטרוזיליה ארוז,,,שורש פטרוזיליה ארוז,יחידה,1.00,יחידה,false,,5.90,5.9000,true,1,1433033
7290017864426,false,בצל ירוק ארוז רמי לוי,,,בצל ירוק רמי לוי,יחידה,1.00,יחידה,false,,6.90,6.9000,true,1,1433034
7290017864457,false,סלרי ראש רמי לוי,,,סלרי ראש רמי לוי,יחידה,1.00,יחידה,false,,5.90,5.9000,true,1,1433035
7290017864464,false,לוף פרסה ארוז רמי לוי,,,לוף/כרישה,יחידה,1.00,יחידה,false,,7.90,7.9000,true,1,1428391
7290017871363,false,פמילי יהלום- פמלי סבון ידיים מועשר בשמן מקדמיה לניקוי וטיפוח עור הידיים,המאפיה של הרמן,,סבון ידיים עם שמן מק,מיליליטרים,500.00,"100 מ""ל",false,,10.90,0.0218,true,1,1432334
7290017872896,false,שקיות אשפה לארג גליל,גלילונית,,גלילונית ש. אשפה L ח,יחידה,44.00,יחידה,false,,22.90,0.5205,true,1,1438319
7290017872919,false,מרמולייט סטיביה לבישול ואפיה במרקם סוכר,"י. כהן בע""מ",,סטיביה לבישול ואפייה,גרמים,200.00,100 גרם,false,,28.90,0.1445,true,1,1436189
7290017888347,false,מי עדן פקק ספורטאים 500,"מי עדן בע""מ",,מי עדן ספורט 0.5 ליט,מיליליטרים,500.00,"100 מ""ל",false,,3.90,0.0078,true,1,1407665
7290017888354,false,מים מינרליים בקבוק ס,מים מינרליים,,"בקבוק מי עדן 750 מ""ל",מיליליטרים,750.00,"100 מ""ל",false,,3.90,0.0052,true,1,1407666
7290017928227,false,"בייגלה שטוח'לה פינוקים שומשום, קצח, שום ובצל",מאיר את בייגל,,שטוח פינוקים 300 גרם,גרמים,300.00,100 גרם,false,,11.90,0.0397,true,1,1432103
7290017928524,false,בייגלה שטוח ניגובים מלח 330 ג' מאיר בייגל,מאיר את בייגל,,בייגלה שטוח ניגובים,גרמים,330.00,100 גרם,false,,11.90,0.0361,true,1,1437897
7290017928616,false,מאיר בייגל שטוחהלה שומשום 300 גר',מאיר את בייגל,,שטוח שומשום 300 גרם,גרמים,300.00,100 גרם,false,,11.90,0.0397,true,1,1408243
7290017928722,false,בייגלה שטוח ניגובים שומשום 300 ג' מאיר בייגל,מאיר את בייגל,,בייגלה שטוח ניגובים,גרמים,300.00,100 גרם,false,,11.90,0.0397,true,1,1437903
7290017947105,false,לחם אנג'ל בסגנון אמריקה 500 גרם,מאפיית שלמה א. אנג'\ל בע,,לחם סגנון אמריקה אנג,גרמים,500.00,100 גרם,false,,12.90,0.0258,true,1,1429185
7290017947464,false,שמיניית פיתות כוסמין אנג'ל 8*50 גרם,מאפיית שלמה א.אנג'\ל בע\,,פיתות כוסמין אנג'ל 4,יחידה,8.00,יחידה,false,,14.90,1.8625,true,1,1435414
7290017947495,false,6 לחמניות כוסמין 450 גרם אנג'ל,"איטיליאן פוד, אס.פי.",,לחמניות כוסמין 6 יחי,יחידה,6.00,יחידה,false,,13.90,2.3167,true,1,1435893
7290017947891,false,לחם אנג'ל כוסמין וחיטה מלאה 750 גרם,מאפיית שלמה א. אנג'\ל בע,,לחם כוסמין וחיטה מלא,גרמים,750.00,100 גרם,false,,14.90,0.0199,true,1,1433126
7290017947921,false,לחמניות המבורגר בסגנון אמריקאי מארז 6 יח',מאפיית שלמה א. אנג'\ל בע,,שישיית לחמניות המבור,גרמים,450.00,100 גרם,false,,12.90,0.0287,true,1,1429186
7290017973029,false,קונפיטורה תות שדה רוסמן 900 גרם,"י.א.א עולם הפרי בע""מ",,קונפיטורה תות שדה מע,גרמים,900.00,100 גרם,false,,19.90,0.0221,true,1,1425753
7290017973036,false,קונפיטורה פירות יער מעובדים רוסמן 900 גר,"י.א.א עולם הפרי בע""מ",,קונפיטורה פירות יער,גרמים,900.00,100 גרם,false,,19.90,0.0221,true,1,1421688
7290017973043,false,קונפיטורה דובדבנים רוסמן 900 גרם,"י.א.א עולם הפרי בע""מ",,קונפיטורה דובדבנים מ,גרמים,900.00,100 גרם,false,,19.90,0.0221,true,1,1425754
7290017973067,false,קונפיטורה אוכמניות מרוסקות עם סוכר 900 ג,,,קונפיטורה אוכמניות מ,גרמים,900.00,100 גרם,false,,19.90,0.0221,true,1,1421689
7290017973074,false,קונפיטורה אפרסק רוסמן 900 גרם,"י.א.א עולם הפרי בע""מ",,קונפיטורה אפרסק מעוב,גרמים,900.00,100 גרם,false,,19.90,0.0221,true,1,1421690
7290018192610,false,עגבניות שרי,עגבניות שרי 2 ב 15,,עגבניות שרי,יחידה,1.00,יחידה,false,,8.90,8.9000,true,1,1432352
7290018192658,false,מארז זוג פטריות פורטובלה ושמפיניון מרינה,"מרינה פטריות הגליל בע""מ",,פטריות זוגות איטלקי,יחידה,1.00,יחידה,false,,17.90,17.9000,true,1,1439631
7290018195178,false,שוקולד מריר 62% קקאו 100 גרם טעמן,אס.קיי ראיס אינטרנשי,,שוקולד מריר 62% קקאן,גרמים,100.00,100 גרם,false,,5.90,0.0590,true,1,1440715
7290018198254,false,"תפוגן צ'יפס קריספי פוטטוס 1.25 ק""ג",עיצובים 2020 (4.5),,תפוגן קריספי צ'יפס פ,גרמים,1250.00,100 גרם,false,,22.90,0.0183,true,1,1437391
7290018294369,false,"מיץ ענבים תירוש כרמל 700 מ""ל",יקבי כרמל Carmel Winery,,תירוש אדום יקבי כרמל,מיליליטרים,700.00,"100 מ""ל",false,,14.90,0.0213,true,1,1442356
7290018333259,false,טופי בטעם תות 50 גרם כרמית,,,טופי בטעם תות 50 גרם,גרמים,50.00,100 גרם,false,,1.50,0.0300,true,1,1433184
7290018333631,false,גרנולפלקס חלבה ושקדים 500ג כשלפ בית יוסף,,,גרנולפלקס קשיו פירות,גרמים,500.00,100 גרם,false,,19.90,0.0398,true,1,1440246
7290018333952,false,חטיף אגוזים רפאלס וחמוציות בדצ 150 גר *12יח,כרמית תעשיות ממתקים,,חטיף אגוזים רפאלס וח,גרמים,150.00,100 גרם,false,,14.90,0.0993,true,1,1439273
7290018333969,false,חטיף גרנולה רפאלס שקדים וטחינה בדצ 150 גר *12יח,כרמית תעשיות ממתקים,,חטיף גרנולה רפאלס שק,גרמים,150.00,100 גרם,false,,14.90,0.0993,true,1,1439274
7290018380499,false,"אורז יסמין הום מלי 1 ק""ג ""תומר""",,,"אורז יסמין תומר 1 ק""",גרמים,1000.00,100 גרם,false,,10.90,0.0109,true,1,1436506
7290018380871,false,פטיסון כבוש 670 גרם תומר,Polan polsko francus,,פטיסון כבוש שלם תומר,גרמים,670.00,100 גרם,false,,13.90,0.0207,true,1,1439925
7290018440230,false,תה צ'אי ורדים 25 שקיקים ויסוצקי,תה ויסוצקי,,צ'אי ורדים ויסוצקי 5,גרמים,50.00,100 גרם,false,,21.90,0.4380,true,1,1438276
7290018440254,false,תה צ'אי קרמל מלוח 25 שקיקים ויסוצקי,תה ויסוצקי,,צ'אי קרמל מלוח ויסוצ,גרמים,50.00,100 גרם,false,,21.90,0.4380,true,1,1438278
7290018440445,false,טונה קאלוו בשמן זית 160 גר,"קאלוו קונסרבס ס.ל.יו. ,",,טונה בשמן זית קלבו 1,גרמים,160.00,100 גרם,false,,16.90,0.1056,true,1,1440532
7290018440476,false,פליפז בייגלה מצופה בקרם עוגת גבינה ותותים מקוויטיס 140 גרם,אולקר מקבוצת פלאדיס,,FLIPZ - בייגלה מצופה,גרמים,140.00,100 גרם,false,,9.50,0.0679,true,1,1436464
7290018443736,false,בייבי מיקס רמי לוי 150 גרם,,,בייבי מיקס רמי לוי 1,גרמים,150.00,100 גרם,false,,9.90,0.0660,true,1,1438463
7290018443750,false,חסה משי רמי לוי פראש,,,חסה משי רמי לוי פראש,יחידה,1.00,יחידה,false,,9.90,9.9000,true,1,1438465
7290018443781,false,רוקט 150 גרם רמי לוי,,,רוקט 150 ג' רמי לוי,גרמים,150.00,100 גרם,false,,9.90,0.0660,true,1,1438468
7290018471913,false,משקה מוגז פירות תפוחים שוופס 1.5 ליטר,"יפאורה תבורי בע""\מ",,שוופס מוגז תפוחים 1.,מיליליטרים,1500.00,"100 מ""ל",false,,9.30,0.0062,true,1,1438695
7290018471937,false,שוופס מוגז פירות תות ליים 1.5 ליטר פיקדון,"יפאורה תבורי בע""\מ",,שוופס מוגז פירות תות,מיליליטרים,1500.00,"100 מ""ל",false,,9.10,0.0061,true,1,1438696
7290018471944,false,שוופס מוגז פירות לימונייד 1.5 ליטר פיקדון,"יפאורה תבורי בע""\מ",,שוופס מוגז למונייד 1,מיליליטרים,1500.00,"100 מ""ל",false,,9.10,0.0061,true,1,1438697
7290018516348,false,מחית פרינוק פאוץ' שיבולת שועל סלט פירות 120 גרם,פרוטה פודווין איי.אס,,פאוץ' פרינוק סלט פיר,גרמים,120.00,100 גרם,false,,6.50,0.0542,true,1,1441819
7290018517246,false,רוטב רימונים מרוכז נאמן 340 ג',,,רוטב רימונים מרוכז 3,גרמים,340.00,100 גרם,false,,9.90,0.0291,true,1,1437576
7290018564011,false,אפונת גינה רמילוי 800 גר,,,אפונת גינה 800 גרם ר,גרמים,800.00,100 גרם,false,,8.90,0.0111,true,1,1435759
7290018564028,false,אפונה עדינה 600ג רמילוי,,,אפונה עדינה 600 גרם,גרמים,600.00,100 גרם,false,,10.90,0.0182,true,1,1435760
7290018564059,false,שעועית ירוקה שלמה עדינה 600ג רמילוי,,,שעועית ירוקה שלמה עד,גרמים,600.00,100 גרם,false,,10.90,0.0182,true,1,1435763
7290018564066,false,אפונה וגזר רמילוי 800 גר,,,אפונה וגזר 800 גרם ר,גרמים,800.00,100 גרם,false,,8.70,0.0109,true,1,1435764
7290018564073,false,במיה קפוא 600ג רמילוי,,,במיה 600 גרם רמי לוי,גרמים,600.00,100 גרם,false,,8.90,0.0148,true,1,1435765
7290018564080,false,לקט ירקות רמילוי 800 גר,,,לקט ירקות העונה 800,גרמים,800.00,100 גרם,false,,10.90,0.0136,true,1,1435766
7290018564110,false,ארטישוק קפוא 400ג רמילוי,,,ארטישוק קפוא 400 גרם,גרמים,400.00,100 גרם,false,,8.90,0.0223,true,1,1435767
7290018564127,false,לקט לקוסקוס רמילוי 800 גר,,,לקט לקוסקוס 800 גרם,גרמים,800.00,100 גרם,false,,11.90,0.0149,true,1,1435768
7290018564141,false,גרגירי חומוס מבושלים 800גר רמי לוי,,,גרעיני חומוס מבושלים,גרמים,800.00,100 גרם,false,,9.90,0.0124,true,1,1435770
7290018564158,false,שעועית לבנה מבושלים 800גר רמי לוי,,,שעועית לבנה מבושלת 8,גרמים,800.00,100 גרם,false,,9.90,0.0124,true,1,1435771
7290018564165,false,כרובית 800גר רמי לוי,,,כרובית 800 גרם רמי ל,גרמים,800.00,100 גרם,false,,9.90,0.0124,true,1,1435772
7290018564172,false,ברוקולי 800גר רמי לוי,,,ברוקולי 800 גרם רמי,גרמים,800.00,100 גרם,false,,14.90,0.0186,true,1,1435773
7290018564202,false,לקט ירקות למרק רמילוי 800 גר,,,לקט ירקות למרק 800 ג,גרמים,800.00,100 גרם,false,,11.90,0.0149,true,1,1435775
7290018566800,false,ענב לבן 500 גרם,,,ענב לבן 500 גרם,גרמים,500.00,100 גרם,false,,24.90,0.0498,true,1,1434749
7290018720004,false,מעדני המלך- עוגיות סנדוויץ תות 150 גרם,סנו מפעלי ברונוס.,,עוגיות סנדוויץ תות 1,גרמים,150.00,100 גרם,false,,3.50,0.0233,true,1,1437477
7290018720011,false,ביסקוויט קרנבל חיות בטעם וניל 250 ג' מעדני מלך,הגביע מוצרי וופלים,,מעדני מלך- קרנבל חיו,גרמים,250.00,100 גרם,false,,6.90,0.0276,true,1,1435525
7290018720189,false,מעדני מלך-ביסקוויט קסטה בטעם שוקו 200 גרם,הגביע,,ביסקוויט קסטה מעדני,גרמים,200.00,100 גרם,false,,6.50,0.0325,true,1,1441734
7290018825013,false,"תפו""א אדום תפזורת",3 יחידות,,"תפו""א אדום תפזורת",קילוגרמים,1.00,"ק""ג",true,,4.90,4.9000,true,1,1442368
7290018825211,false,"תפו""א לבן תפזורת",3 יחידות,,"תפו""א לבן תפזורת",קילוגרמים,1.00,"ק""ג",true,,4.90,4.9000,true,1,1442369
7290018878170,false,אגו שוקולד מריר 60% מוצקי קקאו 2*100גר,כרמית תעשיות ממתקים,,זוג שוקולד 60% מריר,גרמים,200.00,100 גרם,false,,9.90,0.0495,true,1,1440633
7290018879849,false,טופי שטוח ענבים ופטל 40 גרם כרמית,שוגבי,,טופי שטוח ענבים ופטל,גרמים,40.00,100 גרם,false,,1.20,0.0300,true,1,1438353
7290018893258,false,צ'וקטה עוגות אישיות במילוי קרם קרמל ובציפוי בטעם שוקולד 300 גרם,פרדי קונדטוריה אס פי,,צ'וקטה עוגות אישיות,גרמים,300.00,100 גרם,false,,11.90,0.0397,true,1,1437766
7290018893456,false,צ'וקטה עוגות אישיות במילוי קרם ובציפוי בטעם שוקולד 300 גרם,"פרדי קונדיטוריה אס,פי.אי",,צ'וקטה עוגות אישיות,גרמים,300.00,100 גרם,false,,11.90,0.0397,true,1,1437767
7290018894002,false,קוביות וופל במילוי קרם קקאו - חלבי,בלקוני Balconi,,בלקוני וופל קוביות ק,גרמים,250.00,100 גרם,false,,11.90,0.0476,true,1,1439593
7290018894408,false,קוביות וופל במילוי קרם אגוזי לוז - חלבי,בלקוני Balconi,,בלקוני וופל קוביות א,גרמים,250.00,100 גרם,false,,11.90,0.0476,true,1,1439597
7290018921456,false,"ד""ר פישר - אפקטיב קר תחליב רחצה שמן כותנה 700 מ""ל",פישר מעבדות פרמצבטיות בע,,תחליב רחצה מועשר בשמ,מיליליטרים,700.00,"100 מ""ל",false,,16.90,0.0241,true,1,1438344
7290018921807,false,"קמיל בלו משחת החתלה צמחי מרפא 120 ג' ד""ר פישר",פישר מעבדות פרמצבטיות בע,,"ד""ר פישר קמיל בלו מש",גרמים,120.00,100 גרם,false,,21.90,0.1825,true,1,1441880
7290018925065,false,מיץ פרימור תפוזים סחוט 2 ליטר-,"גניר (1992) בע""מ",,מיץ תפוזים סחוט פרימ,מיליליטרים,2000.00,"100 מ""ל",false,,27.20,0.0136,true,1,1438860
7290018925072,false,משקה קל לימונים ונענע 2 ל פרימור,"גניר (1992) בע""מ",,מיץ לימונענע פרימור,מיליליטרים,2000.00,"100 מ""ל",false,,27.20,0.0136,true,1,1438861
7290018972618,false,תומר תמר מגהול לח קפ,,,תומר תמר מגהול לח קפ,גרמים,1000.00,100 גרם,false,,19.90,0.0199,true,1,1440471
7290019022107,false,מארז פרלין חג שמח 70,,,מארז פרלין חג שמח 70,גרמים,70.00,100 גרם,false,,10.90,0.1557,true,1,1442151
7290019044000,false,"תפו""א לבן ארוז",,,"תפו""א לבן ארוז",קילוגרמים,1.00,"ק""ג",true,,5.90,5.9000,true,1,1438112
7290019056065,false,שוופס מוגז עדין פירות יער 1.5 ליטר פיקדון,"יפאורה תבורי בע""\מ",,שוופס מוגז עדין פירו,מיליליטרים,1500.00,"100 מ""ל",false,,8.80,0.0059,true,1,1438699
7290019056096,false,שוופס מוגז עדין אפרסק 1.5 ליטר פיקדון,"יפאורה תבורי בע""\מ",,שוופס מוגז עדין אפרס,מיליליטרים,1500.00,"100 מ""ל",false,,8.80,0.0059,true,1,1438701
7290019056164,false,שוופס סודה 1.5 ליטר רביעייה פיקדון,"יפאורה תבורי בע""\מ",,רביעית שוופס סודה 1.,מיליליטרים,1500.00,"100 מ""ל",false,,12.10,0.0081,true,1,1438703
7290019056201,false,שוופס סודה פירות יער 1.5 ליטר רביעייה פיקדון,"יפאורה תבורי בע""\מ",,סודה בטעם פירות יער,מיליליטרים,6000.00,"100 מ""ל",false,,12.10,0.0020,true,1,1438706
7290019056232,false,משקה מוגז בטעם ליים מוחיטו 1.5 ל' שוופס,"יפאורה תבורי בע""\מ",,שוופס ליים מוחיטו 1.,מיליליטרים,1500.00,"100 מ""ל",false,,9.10,0.0061,true,1,1438707
7290019056300,false,משקה בטעם ביטר לימון 1.5 ל' שוויפס,"יפאורה תבורי בע""\מ",,שוופס ביטר 1.5 ליטר,מיליליטרים,1500.00,"100 מ""ל",false,,12.20,0.0081,true,1,1438711
7290019056317,false,שוופס ראשן 1.5 ליטר פיקדון,"יפאורה תבורי בע""\מ",,משקה Russchian שוופס,מיליליטרים,1500.00,"100 מ""ל",false,,12.20,0.0081,true,1,1438712
7290019056324,false,שוופס טוניק 1.5 ליטר פיקדון,"יפאורה תבורי בע""\מ",,שוופס טוניק 1.5 ליטר,מיליליטרים,1500.00,"100 מ""ל",false,,12.20,0.0081,true,1,1438713
7290019056331,false,משקה בטעם טוניק ללא סוכר 1.5 ל' שוופס,מיוצר עי קונדיטוריית,,שוופס טוניק ללס 1.5,מיליליטרים,1500.00,"100 מ""ל",false,,12.20,0.0081,true,1,1438714
7290019056379,false,תפוזינה תפוזים 1.5 ליטר פיקדון,"יפאורה תבורי בע""\מ",,תפוזינה תפוזים 1.5 ל,מיליליטרים,1500.00,"100 מ""ל",false,,9.60,0.0064,true,1,1438716
7290019056485,false,ספריג תה ירוק לימון לואיזה 1.5 ליטר פיקדון,"יפאורה תבורי בע""\מ",,ספרינג תה ירוק לימון,מיליליטרים,1500.00,"100 מ""ל",false,,8.20,0.0055,true,1,1438719
7290019056515,false,פרוט ווטר אננס 1.5 ליטר פיקדון,"יפאורה תבורי בע""\מ",,משקה בטעם אננס פרוט,מיליליטרים,1500.00,"100 מ""ל",false,,8.80,0.0059,true,1,1438720
7290019056522,false,פרוט ווטר תות 1.5 ליטר פיקדון,"יפאורה תבורי בע""\מ",,משקה בטעם תות פרוט ו,מיליליטרים,1500.00,"100 מ""ל",false,,8.80,0.0059,true,1,1438721
7290019056553,false,שישיית מים מינרלים עין גדי 2 ליטר,עין גדי מים מינרליים,,מים מינרלים עין גדי,ליטרים,12.00,ליטר,false,,13.80,1.1500,true,1,1438723
7290019056560,false,עין גדי 2 ליטר בק' בודד פיקדון,עין גדי מיים מינרלים,,עין גדי 2 ליטר בקבוק,מיליליטרים,2000.00,"100 מ""ל",false,,3.80,0.0019,true,1,1439332
7290019056577,false,משקה קל מנגו ספרינג 1.5 ליטר,"יפאורה תבורי בע""\מ",,ספרינג מנגו 1.5 ליטר,מיליליטרים,1500.00,"100 מ""ל",false,,9.40,0.0063,true,1,1438607
7290019056584,false,משקה קל תפוזים ספרינג 1.5 ליטר,"יפאורה תבורי בע""\מ",,משקה קל תפוזים ספרינ,מיליליטרים,1500.00,"100 מ""ל",false,,9.40,0.0063,true,1,1438724
7290019056591,false,משקה קל ענבים ספרינג 1.5 ליטר,"יפאורה תבורי בע""\מ",,ספרינג ענבים 1.5 ליט,מיליליטרים,1500.00,"100 מ""ל",false,,9.40,0.0063,true,1,1438725
7290019056614,false,משקה קל אפרסק ספרינג 1.5 ליטר,"יפאורה תבורי בע""\מ",,משקה ספרינג אפרסק 1.,מיליליטרים,1500.00,"100 מ""ל",false,,9.10,0.0061,true,1,1438726
7290019056621,false,משקה קל פירות טרופיים ספרינג 1.5 ליטר,"יפאורה תבורי בע""\מ",,ספרינג פירות טרופיים,מיליליטרים,1500.00,"100 מ""ל",false,,9.40,0.0063,true,1,1438727
7290019056638,false,משקה קל תות בננה ספרינג 1.5 ליטר,"יפאורה תבורי בע""\מ",,ספרינג תות בננה 1.5,מיליליטרים,1500.00,"100 מ""ל",false,,9.40,0.0063,true,1,1438728
7290019056645,false,משקה קל אגס תפוח סברס ספרינג 1.5 ליטר,"יפאורה תבורי בע""\מ",,ספרינג אגס סברס תפוח,מיליליטרים,1500.00,"100 מ""ל",false,,9.40,0.0063,true,1,1438729
7290019056669,false,משקה קל תפוחים דיאט ספרינג 1.5 ליטר,"יפאורה תבורי בע""\מ",,ספרינג תפוחים לייט 1,מיליליטרים,1500.00,"100 מ""ל",false,,8.20,0.0055,true,1,1438731
7290019056942,false,מים מינרליים טבעיים,יפאורה,,עין גדי 2 ליטר בקבוק,מיליליטרים,2000.00,"100 מ""ל",false,,3.80,0.0019,true,1,1439333
7290019056959,false,מי עדן 1.5 ליטר בק' בודד פיקדון,"מופק ממקור בזלתי עדן ,1",,מי עדן 1.5 ליטר,מיליליטרים,1500.00,"100 מ""ל",false,,4.50,0.0030,true,1,1439334
7290019056966,false,מי עדן בקבוק פיקדון 1.5 ליטר,"מי עדן בע""מ",,מי עדן 1.5 ליטר,מיליליטרים,1500.00,"100 מ""ל",false,,4.50,0.0030,true,1,1439335
7290019056973,false,שישיית מי עדן 1.5 ליטר משפחתי,"מופק ממקור בזלתי עדן ,1",,מים מינרליים מי עדן,מיליליטרים,9000.00,"100 מ""ל",false,,14.70,0.0016,true,1,1438732
7290019153078,false,"שוופס ביטר למון לייט, 1.5 ליטר פקדון","יפאורה תבורי בע""\מ",,שוופס ביטר למון לייט,מיליליטרים,1500.00,"100 מ""ל",false,,12.20,0.0081,true,1,1439331
7290019153221,false,שוופס סודה בטעם אננס 0.5 ליטר,יפאורה תבורי,,שוופס סודה אננס 0.5,מיליליטרים,500.00,"100 מ""ל",false,,4.90,0.0098,true,1,1440511
7290019153245,false,שוופס סודה בטעם לימון 0.5 ליטר,יפאורה תבורי,,שוופס סודה לימון 0.5,מיליליטרים,500.00,"100 מ""ל",false,,4.90,0.0098,true,1,1440513
7290019153252,false,שוופס סודה תפוח 1.5 ליטר רביעייה פיקדון,"יפאורה תבורי בע""\מ",,שוופס סודה תפוח 1.5,מיליליטרים,6000.00,"100 מ""ל",false,,12.10,0.0020,true,1,1440514
7290019167037,false,תותים בקצפת עדן קינוחים 82 גרם,תנובה,,תותים בקצפת עדן 82 ג,גרמים,82.00,100 גרם,false,,6.90,0.0841,true,1,1442409
7290019167044,false,קצפת עם קרם בייגלה מתוק מלוח עדן קינוחים 82 גרם,תנובה,,קצפת עם קרם בייגלה מ,גרמים,82.00,100 גרם,false,,6.90,0.0841,true,1,1442410
7290019233022,false,רוטב עגבניות עם קוביות ושמן זית 420ג זיתא,דליציה דורה אס.אר.אל,,רוטב שקשוקה חצילים ז,גרמים,420.00,100 גרם,false,,13.90,0.0331,true,1,1440620
7290019297628,false,שקד טבעי בשקית ששון הקולה 150 גרם,"דין שיווק וקלייה בע""",,שקד טבעי 150 גרם ששו,גרמים,150.00,100 גרם,false,,13.90,0.0927,true,1,1436174
7290019297642,false,גרעין שחור קלוי ללא מלח ששון הקולה 150 ג',"דין שיווק וקלייה בע""",,גרעין שחור קלוי ללא,גרמים,150.00,100 גרם,false,,4.90,0.0327,true,1,1442509
7290055090702,false,"איגלו שלוקים בטעמי פטל, לימון וענבים 60 יח'",מנדלז סי.אר. פרודקשן,,איגלו שלוקים 60 יחיד,יחידה,60.00,יחידה,false,,13.90,0.2317,true,1,1408056
7290055090801,false,כרמית שוקולד לבן ללא תוספת סוכר 85 גרם,"כרמית תעשיות ממתקים בע""\",,שוקולד לבן חלבי ללס,גרמים,85.00,100 גרם,false,,6.90,0.0812,true,1,1408057
7290100231784,true,"בונז""ור נייר אפייה4",,,"בונז""ור נייר אפייה4",יחידה,0.00,יחידה,false,,0.00,0.0000,true,1,1423436
7290100232385,true,"בונז""ור מלית וניל5.",,,"בונז""ור מלית וניל5.",קילוגרמים,1.00,"ק""ג",true,,0.00,0.0000,true,1,1423437
7290100235706,true,"בונז""ור מלית שוקולד",,,"בונז""ור מלית שוקולד",קילוגרמים,1.00,"ק""ג",true,,0.00,0.0000,true,1,1423438
7290100240144,true,ספריי ורוד למייבש50,,,ספריי ורוד למייבש50,יחידה,0.00,יחידה,false,,0.00,0.0000,true,1,1423324
7290100240519,true,"סקיפי קלאסי 462 ג """,,,"סקיפי קלאסי 462 ג """,יחידה,0.00,יחידה,false,,0.00,0.0000,true,1,1423325
7290100243671,false,"מרכך כביסה מרוכז אקסטרה כחול בדין 960 מ""ל",יוניליוור סנאיי וי טיקאר,,מרכך כביסה מרוכז כחו,מיליליטרים,960.00,"100 מ""ל",false,,15.90,0.0166,true,1,1409748
7290100245231,false,נמס בכוס מרק בטעם עוף עם אטריות ושקדי מרק-2 שקיות,יוניליוור ישראל מזון בע\,,נמס בכוס עוף עם אטרי,גרמים,50.00,100 גרם,false,,6.50,0.1300,true,1,1409753
7290100249086,false,חטיף קליק OK נוגט שוקולד לבן כשלפ 35 גר',"יונליוור ישראל מזון בע""\",,קליק נוגט לבן כשלפ 3,גרמים,35.00,100 גרם,false,,4.90,0.1400,true,1,1409764
7290100412770,false,"ד""ר עור - תחליב רחצה קלאסי בניחוח מאסק 700 מ""ל","אמיליה קוסמטיקס בע""מ",,"ד""ר עור תחליב רחצה מ",מיליליטרים,700.00,"100 מ""ל",false,,16.90,0.0241,true,1,1416948
7290100653586,true,ליידי ספיד סטיק24/7,,,ליידי ספיד סטיק24/7,יחידה,0.00,יחידה,false,,0.00,0.0000,true,1,1423326
7290100680650,false,מנה חמה נודלס-אטריות ירקות טעם תאילנדי אסם 76 ג',PUB FOODS PRESIDENT THAI,,מנה חמה נודלס בסגנון,גרמים,76.00,100 גרם,false,,5.90,0.0776,true,1,1407171
7290100680711,false,פירורית זהב אסם זהב 350ג',עינת תעשיות מזון אגו,,פירורי לחם מוזהבים פ,גרמים,350.00,100 גרם,false,,7.90,0.0226,true,1,1407173
7290100680728,false,פירורית רגילה שקית 350 גרם,מיוצר עי קונדיטוריית,,פירורי לחם לבנים פיר,גרמים,350.00,100 גרם,false,,6.90,0.0197,true,1,1407174
7290100681015,false,אינסטנט פודינג בטעם ריבת חלב אסם 84 גרם,מיוצר עי קונדיטוריית,,פודינג אינסטנט בטעם,גרמים,84.00,100 גרם,false,,4.90,0.0583,true,1,1407176
7290100681138,false,מארז אפרופו חטיף תירס 3 יחידות,מיוצר עי קונדיטוריית,,מארז 3 אפרופו 50 גרם,גרמים,150.00,100 גרם,false,,12.90,0.0860,true,1,1407177
7290100685136,false,"אבקת מרק בטעם עוף אסם 1 ק""ג","אסם השקעות בע""\מ",,מרק בטעם עוף פרווה כ,גרמים,1000.00,100 גרם,false,,12.90,0.0129,true,1,1407189
7290100685334,false,אבקת מרק עוף אמיתי בשרי רכיבים טבעיים אסם 400 גרם,"אסם השקעות בע""\מ",,מרק עוף אמיתי מרכיבי,גרמים,400.00,100 גרם,false,,19.90,0.0497,true,1,1407191
7290100685341,false,אבקת מרק טעם עוף זך רכיבים טבעיים אסם 400 גרם,"אסם השקעות בע""\מ",,מרק בטעם עוף זך מרכי,גרמים,400.00,100 גרם,false,,15.90,0.0398,true,1,1407192
7290100685563,true,אסם פירורית זהב מאח.,,,אסם פירורית זהב מאח.,יחידה,0.00,יחידה,false,,0.00,0.0000,true,1,1423454
7290100685938,false,עוגת הבית דבש ותפוח עץ עם פירורים 400 גר,"אסם השקעות בע""מ",,הבית עוגת דבש ותפוח,גרמים,400.00,100 גרם,false,,14.90,0.0373,true,1,1407193
7290100687109,false,במבה במילוי קרם נוגט 60ג' אסם,"אסם השקעות בע""\מ",,במבה במילוי קרם נוגט,גרמים,60.00,100 גרם,false,,4.30,0.0717,true,1,1407194
7290100700020,false,גריסי פנינה 500 גרם סוגת,האי נאם סי או אל.טי.,,גריסי פנינה סוגת 500,גרמים,500.00,100 גרם,false,,5.90,0.0118,true,1,1414649
7290100700075,false,סוגת פירורי לחם מוזהבים 200 גרם,"סוגת תעשיות בע""\מ",,פירורי לחם מוזהבים ס,גרמים,200.00,100 גרם,false,,2.90,0.0145,true,1,1413324
7290100700242,false,"אורז מלא עגול סוגת 1 ק""ג","סוגת תעשיות בע""\מ",,אורז מלא עגול סוגת 1,גרמים,1000.00,100 גרם,false,,9.90,0.0099,true,1,1413325
7290100700266,false,פירורי לחם לבנים סוגת 200 גרם,"סוגת תעשיות בע""מ",,פירורי לחם לבנים סוג,גרמים,200.00,100 גרם,false,,3.90,0.0195,true,1,1414673
7290100700273,false,קינואה לבנה 500 ג סו,האי נאם סי או אל.טי.,,קינואה סוגת 500 גרם,גרמים,500.00,100 גרם,false,,13.90,0.0278,true,1,1413326
7290100700372,false,"אורז בסמטי מלא 1 ק""ג סוגת",האי נאם סי או אל.טי.,,אורז בסמטי מלא סוגת,גרמים,1000.00,100 גרם,false,,13.90,0.0139,true,1,1406457
7290100700396,false,"אורז יסמין קלאסי 1 ק""ג סוגת",האי נאם סי או אל.טי.,,אורז יסמין קלאסי סוג,גרמים,1000.00,100 גרם,false,,11.80,0.0118,true,1,1413327
7290100700587,false,"בורגול ""סוגת"" 500 גרם",האי נאם סי או אל.טי.,,בורגול סוגת 500 גרם,גרמים,500.00,100 גרם,false,,5.90,0.0118,true,1,1413328
7290100701454,false,גרישה בורגול דק סוגת 500 גרם,"סוגת תעשיות בע""\מ",,גרישה בורגול דק סוגת,גרמים,500.00,100 גרם,false,,5.90,0.0118,true,1,1414652
7290100701683,true,שעועית לבנה עדינה50,,,שעועית לבנה עדינה50,יחידה,0.00,יחידה,false,,5.00,0.0000,true,1,1422959
7290100702994,false,סוגת סוכר דמררה קלאסי בשקית 500 גרם,"סוגת תעשיות בע""מ",,סוכר דמררה בשקית סוג,גרמים,500.00,100 גרם,false,,5.90,0.0118,true,1,1413336
7290100703007,false,"עדשים שחורות בלוגה 500 גרם ""סוגת""",האי נאם סי או אל.טי.,,עדשים שחורות סוגת 50,גרמים,500.00,100 גרם,false,,6.90,0.0138,true,1,1406491
7290100703533,false,קמח קסם תערובת קמח עם שמרים,טחנות קמח שטיבל באר שבע,,קמח שמרים קסם סוגת 1,גרמים,1000.00,100 גרם,false,,8.90,0.0089,true,1,1406503
7290100858592,false,אבקת קקאו עלית שקית 150 ג',הנסיך- מפעל לייצור ט,,שקית קקאו עלית 150 ג,גרמים,150.00,100 גרם,false,,8.90,0.0593,true,1,1416515
7290100891018,true,"מלפפון במלח 450 ג """,,,"מלפפון במלח 450 ג """,יחידה,0.00,יחידה,false,,0.00,0.0000,true,1,1423159
7290100924457,false,שלישיית כדוריות סבון לאסלה לימון סוד 50 גרם,הנקל סוד,,סבון לאסלה לימון סוד,גרמים,150.00,100 גרם,false,,18.90,0.1260,true,1,1437990
7290100924594,true,מרכך כביסה מרוכז סוד,,,מרכך כביסה מרוכז סוד,מיליליטרים,0.00,"100 מ""ל",false,,9.90,0.0000,true,1,1408836
7290100926109,true,מרכך כביסה סוד צהוב,,,מרכך כביסה סוד צהוב,יחידה,0.00,יחידה,false,,14.90,0.0000,true,1,1408841
7290100980200,true,מעטפות 25,,,מעטפות 25,יחידה,0.00,יחידה,false,,0.00,0.0000,true,1,1423328
7290100983577,true,שקיות תיוק פס לבן50,,,שקיות תיוק פס לבן50,יחידה,0.00,יחידה,false,,0.00,0.0000,true,1,1423329
7290100983805,true,"טושים ג""מבו 12 יח """,,,"טושים ג""מבו 12 יח """,יחידה,0.00,יחידה,false,,0.00,0.0000,true,1,1423330
7290100989258,true,4טושים ללוח מחיק +,,,4טושים ללוח מחיק +,יחידה,0.00,יחידה,false,,0.00,0.0000,true,1,1423331
7290101454120,false,נרות קסם הלו קיטי,,,נרות קסם הלו קיטי,יחידה,1.00,יחידה,false,,5.00,5.0000,true,1,1421198
7290101458937,true,נרות יום הולדת - מינ,,,נרות יום הולדת - מינ,יחידה,0.00,יחידה,false,,2.50,0.0000,true,1,1422771
7290101488323,false,ליידי ספיד סטיק - דאודורנט סטיק לאישה ללא סימן ירוק סטיק 65 גרם,ליידי ספיד סטיק Lady Speed Stick,,דאודורנט סטיק ירוק ל,גרמים,65.00,100 גרם,false,,21.90,0.3369,true,1,1414233
7290101501176,false,פלפלונים רמי לוי,מ.ע יזמות,,פלפלונים רמי לוי,יחידה,1.00,יחידה,false,,9.90,9.9000,true,1,1420984
7290101501305,false,מלפפונים קטנים ארוזי,חקלאי,,מלפפון בייבי רמי לוי,יחידה,1.00,יחידה,false,,9.90,9.9000,true,1,1420985
7290101551539,false,יוגורט PRO בטעם אפרסק 0% 20 גרם חלבון בגביע,"שטראוס בריאות בע""מ",,דנונה פרו 20 גר אפרס,גרמים,200.00,100 גרם,false,,5.90,0.0295,true,1,1405681
7290101551584,false,תפוצ'יפס קידס מארז 10 יח' * 20 ג',"שטראוס פריטו ליי בע""מ )פ",,מארז תפוצ'יפס קידס 1,גרמים,200.00,100 גרם,false,,12.90,0.0645,true,1,1406151
7290101551638,false,חטיף צ'יטוס כאפה בטעם קטשופ - מארז 10 יח',"שטראוס פריטו ליי בע""מ )פ",,מארז ציטוס כאפה 10*2,גרמים,200.00,100 גרם,false,,12.90,0.0645,true,1,1406155
7290101622994,true,סט 10קופסאות מרובעות,,,סט 10קופסאות מרובעות,יחידה,0.00,יחידה,false,,140.00,0.0000,true,1,1425023
7290101783237,true,מגש אינגליש פסים 206,,,מגש אינגליש פסים 206,יחידה,0.00,יחידה,false,,27.00,0.0000,true,1,1427015
7290101784739,true,"ספל""סבא"" פסים 400",,,"ספל""סבא"" פסים 400",יחידה,0.00,יחידה,false,,31.90,0.0000,true,1,1427021
7290101785231,true,"ספל: מורה"" איורים 43",,,"ספל: מורה"" איורים 43",יחידה,0.00,יחידה,false,,31.90,0.0000,true,1,1427023
7290101785378,true,מגש אינגליש רטרו 410,,,מגש אינגליש רטרו 410,יחידה,0.00,יחידה,false,,27.00,0.0000,true,1,1427024
7290101785477,true,"ספל: גננת"" פסים 454",,,"ספל: גננת"" פסים 454",יחידה,0.00,יחידה,false,,31.90,0.0000,true,1,1425215
7290101785804,true,"ספל ""החלמה מהירה"" 48",,,"ספל ""החלמה מהירה"" 48",יחידה,0.00,יחידה,false,,31.90,0.0000,true,1,1425216
7290101785828,true,"ספל ""הולדת הבן"" 489",,,"ספל ""הולדת הבן"" 489",יחידה,0.00,יחידה,false,,31.90,0.0000,true,1,1427026
7290101785866,true,"ספל ""שיחרור נעים"" 49",,,"ספל ""שיחרור נעים"" 49",יחידה,0.00,יחידה,false,,31.90,0.0000,true,1,1427027
7290101787341,true,"קופסאת פח לב "" תודה",,,"קופסאת פח לב "" תודה",יחידה,0.00,יחידה,false,,25.00,0.0000,true,1,1427030
7290101787372,true,"קופסאת פח לב "" אהוב",,,"קופסאת פח לב "" אהוב",יחידה,0.00,יחידה,false,,25.00,0.0000,true,1,1427031
7290101787433,true,"ספל: באהבה בנות"" איו",,,"ספל: באהבה בנות"" איו",יחידה,0.00,יחידה,false,,31.90,0.0000,true,1,1427032
7290101787457,true,"ספל""תודה פסים 650",,,"ספל""תודה פסים 650",יחידה,0.00,יחידה,false,,31.90,0.0000,true,1,1427033
7290101787488,true,"ספל ""בעלי ""653",,,"ספל ""בעלי ""653",יחידה,0.00,יחידה,false,,31.90,0.0000,true,1,1427034
7290101787563,true,"כלי מילוי תודה""מלאך""",,,"כלי מילוי תודה""מלאך""",יחידה,0.00,יחידה,false,,23.90,0.0000,true,1,1427036
7290101787594,true,"כלי מילוי בהצלחה""מלא",,,"כלי מילוי בהצלחה""מלא",יחידה,0.00,יחידה,false,,23.90,0.0000,true,1,1427037
7290101787617,true,"כלי מילוי I LOVE U""מ",,,"כלי מילוי I LOVE U""מ",יחידה,0.00,יחידה,false,,23.90,0.0000,true,1,1425218
7290101787716,true,כלי מילוי תחרה I LOV,,,כלי מילוי תחרה I LOV,יחידה,0.00,יחידה,false,,23.90,0.0000,true,1,1427038
7290101787747,true,"לב פורצלן ""את אהבת ח",,,"לב פורצלן ""את אהבת ח",יחידה,0.00,יחידה,false,,31.90,0.0000,true,1,1427039
7290101787785,true,לב פורצלן I LOVE U 6,,,לב פורצלן I LOVE U 6,יחידה,0.00,יחידה,false,,23.90,0.0000,true,1,1425219
7290101788041,true,"ספל"" בהערכה רבה "" בנ",,,"ספל"" בהערכה רבה "" בנ",יחידה,0.00,יחידה,false,,31.90,0.0000,true,1,1427040
7290101788072,true,"ספל ""יום הולדת שמח """,,,"ספל ""יום הולדת שמח """,יחידה,0.00,יחידה,false,,31.90,0.0000,true,1,1427041
7290101788225,true,נטלה מעוצבת פרחים 72,,,נטלה מעוצבת פרחים 72,יחידה,0.00,יחידה,false,,31.90,0.0000,true,1,1427042
7290101789116,true,אהבה כלי מלאך זהב 85,,,אהבה כלי מלאך זהב 85,יחידה,0.00,יחידה,false,,19.90,0.0000,true,1,1427046
7290101864127,false,"וניש קליה ספריי להסרת כתמים 750 מ""ל",קליה וניש Kalia Vanish,,ספריי להסרת כתמים או,מיליליטרים,750.00,"100 מ""ל",false,,17.90,0.0239,true,1,1411953
7290101866633,false,וניש קליה גל להסרת כתמים 3 ליטר אוקסיפרש,קליה וניש Kalia Vanish,,קליה ג'ל מסיר כתמים,מיליליטרים,3000.00,"100 מ""ל",false,,29.90,0.0100,true,1,1422683
7290101920359,true,אשפתון 75/90 שחור50,,,אשפתון 75/90 שחור50,יחידה,0.00,יחידה,false,,0.00,0.0000,true,1,1422960
7290101925590,true,נייר טואלט ליטוף180,,,נייר טואלט ליטוף180,יחידה,0.00,יחידה,false,,0.00,0.0000,true,1,1423609
7290101990956,true,חרב בועות סבון - דיס,,,חרב בועות סבון - דיס,יחידה,0.00,יחידה,false,,7.50,0.0000,true,1,1414711
7290101999669,true,נרות מטה כוכבים - ספ,,,נרות מטה כוכבים - ספ,יחידה,0.00,יחידה,false,,5.60,0.0000,true,1,1426315
7290102002962,false,נר מנגן מסתובב 1 יחידה,,,נר מנגן מסתובב,יחידה,0.00,יחידה,false,,15.40,0.0000,true,1,1424473
7290102003792,true,נרות ג'מבו מאויירים,,,נרות ג'מבו מאויירים,יחידה,0.00,יחידה,false,,7.50,0.0000,true,1,1424474
7290102008162,true,בלון 14' אות צ כסף,,,בלון 14' אות צ כסף,יחידה,0.00,יחידה,false,,4.90,0.0000,true,1,1424505
7290102008216,true,בלון 14' אות כ כסף,,,בלון 14' אות כ כסף,יחידה,0.00,יחידה,false,,4.90,0.0000,true,1,1424510
7290102008391,true,בלון 14' אות ן כחול,,,בלון 14' אות ן כחול,יחידה,0.00,יחידה,false,,4.90,0.0000,true,1,1424526
7290102008414,true,בלון 14' אות ש כחול,,,בלון 14' אות ש כחול,יחידה,0.00,יחידה,false,,4.90,0.0000,true,1,1426347
7290102008469,true,בלון 14' אות ע כחול,,,בלון 14' אות ע כחול,יחידה,0.00,יחידה,false,,4.90,0.0000,true,1,1424531
7290102008476,true,בלון 14' אות ס כחול,,,בלון 14' אות ס כחול,יחידה,0.00,יחידה,false,,4.90,0.0000,true,1,1424532
7290102008490,true,בלון 14' אות כ כחול,,,בלון 14' אות כ כחול,יחידה,0.00,יחידה,false,,4.90,0.0000,true,1,1424534
7290102008582,true,בלון 14' אות נ כחול,,,בלון 14' אות נ כחול,יחידה,0.00,יחידה,false,,4.90,0.0000,true,1,1426348
7290102008636,true,בלון 14' אות ם כחול,,,בלון 14' אות ם כחול,יחידה,0.00,יחידה,false,,4.90,0.0000,true,1,1424545
7290102008674,true,בלון 14' אות ן ורוד,,,בלון 14' אות ן ורוד,יחידה,0.00,יחידה,false,,4.90,0.0000,true,1,1424548
7290102008698,true,בלון 14' אות ש ורוד,,,בלון 14' אות ש ורוד,יחידה,0.00,יחידה,false,,4.90,0.0000,true,1,1424550
7290102008735,true,בלון 14' אות פ ורוד,,,בלון 14' אות פ ורוד,יחידה,0.00,יחידה,false,,4.90,0.0000,true,1,1424554
7290102008742,true,בלון 14' אות ע ורוד,,,בלון 14' אות ע ורוד,יחידה,0.00,יחידה,false,,4.90,0.0000,true,1,1424555
7290102008773,true,בלון 14' אות כ ורוד,,,בלון 14' אות כ ורוד,יחידה,0.00,יחידה,false,,4.90,0.0000,true,1,1424557
7290102008810,true,בלון 14' אות ג ורוד,,,בלון 14' אות ג ורוד,יחידה,0.00,יחידה,false,,4.90,0.0000,true,1,1424561
7290102008841,true,בלון 14' אות ץ ורוד,,,בלון 14' אות ץ ורוד,יחידה,0.00,יחידה,false,,4.90,0.0000,true,1,1424562
7290102008865,true,בלון 14' אות נ ורוד,,,בלון 14' אות נ ורוד,יחידה,0.00,יחידה,false,,4.90,0.0000,true,1,1426350
7290102008919,true,בלון 14' אות ם ורוד,,,בלון 14' אות ם ורוד,יחידה,0.00,יחידה,false,,4.90,0.0000,true,1,1424566
7290102031276,false,מארז 8 יחידות אקטימל משקה יוגורט בטעם תות בננה,מיוצר עי קונדיטוריית,,אקטימל תות בננה 8*10,מיליליטרים,800.00,"100 מ""ל",false,,19.90,0.0249,true,1,1405697
7290102032334,false,אבקה להכנת משקה קפה בטעם וניל,שטראוס קפה בי.וי,,קפה נמס וניל 200 גרם,גרמים,200.00,100 גרם,false,,19.90,0.0995,true,1,1416522
7290102390427,false,יוגורט ביו עם קציפת תות 3% שומן 150 ג' מולר,מולר Muller,,יוגורט ביו פרופ קציפ,מיליליטרים,150.00,"100 מ""ל",false,,4.80,0.0320,true,1,1413615
7290102390489,false,יוגורט ביו עם קציפת לימון 3% שומן 150 ג' מולר,מולר Muller,,יוגורט ביו פרופ קציפ,גרמים,150.00,100 גרם,false,,4.80,0.0320,true,1,1413617
7290102391301,true,יוגורט מולר 1.7% 150,,,יוגורט מולר 1.7% 150,גרמים,0.00,100 גרם,false,,5.00,0.0000,true,1,1413618
7290102391325,true,יוגורט מולר 2.8% 150,,,יוגורט מולר 2.8% 150,גרמים,0.00,100 גרם,false,,5.00,0.0000,true,1,1413619
7290102391844,false,יוגורט ביו עם קציפת פירות יער3% שומן 150 ג' מולר,מולר Muller,,יוגורט ביו פרופ קציפ,מיליליטרים,150.00,"100 מ""ל",false,,4.80,0.0320,true,1,1413620
7290102392094,false,חלב עיזים 3.7% בקרטון משק צוריאל 1 ליטר,מילקו תעשיות בעמ,,חלב עיזים בקרטון 1 ל,מיליליטרים,1000.00,"100 מ""ל",false,,14.90,0.0149,true,1,1413621
7290102392254,false,"חלב בקרטון 1% 2 ליטר בד""צ - מוצר בפיקוח",מילקו תעשיות בעמ,,חלב בקרטון 2 ליטר- 1,מיליליטרים,2000.00,"100 מ""ל",false,,11.18,0.0056,true,1,1413622
7290102393039,false,"יוגורט ביו קרמי מיקס פצפוצי שוקולד 7.6% מולר 170 מ""ל",קריות זול,,יוגורט מיקס פצפוצי ש,גרמים,170.00,100 גרם,false,,5.90,0.0347,true,1,1413626
7290102393169,false,"יוגורט סימפלי פרוט בטעם תות 3% מולר 150 מ""ל",מולר Muller,,יוגורט סימפלי פרוט ת,גרמים,150.00,100 גרם,false,,4.80,0.0320,true,1,1413628
7290102393268,false,"גבינה לבנה 5% שומן, רכיבים טבעיים 750 גרם",הפריט בפיקוח,,גבינה לבנה 5% טרה 75,גרמים,750.00,100 גרם,false,,13.50,0.0180,true,1,1413631
7290102393770,true,יוגורט פרי מיני תות,,,יוגורט פרי מיני תות,גרמים,0.00,100 גרם,false,,2.90,0.0000,true,1,1413634
7290102393947,false,סימפלי פרוט יוגורט בטעם קיווי 3% שומן 150 ג' מולר,מילקו תעשיות בעמ,,יוגורט סימפלי פרוט ק,גרמים,150.00,100 גרם,false,,4.80,0.0320,true,1,1413637
7290102394821,false,נעם גבינה צהובה פרוסה 28% טרה 200 גרם,מילקו תעשיות בעמ,,פרוסות גבינה צהובה 2,גרמים,200.00,100 גרם,false,,15.20,0.0760,true,1,1413642
7290102394845,false,נעם גבינה צהובה לייט פרוסה דק דק 9% טרה 200 גרם,מילקו תעשיות בעמ,,פרוסות גבינה צהובה 9,גרמים,200.00,100 גרם,false,,17.00,0.0850,true,1,1413643
7290102395224,false,שמיניית יוגורט ביו ביאנקו 1.7% מולר 150 גרם,מולר Muller,,מאגדת שמיניה מולר 1.,גרמים,1200.00,100 גרם,false,,15.90,0.0133,true,1,1413645
7290102395231,false,שמיניית יוגורט ביו ביאנקו 2.8% מולר 150 גרם,מולר Muller,,מאגדת שמינייה 2.8% מ,גרמים,1200.00,100 גרם,false,,15.90,0.0133,true,1,1413646
7290102395262,false,מארז 8 גביעים יוגורט בטעם תות שדה ואפרסק 3% Simply Fruit,מולר Muller,,מאגדת שמינייה סימפלי,גרמים,1200.00,100 גרם,false,,28.90,0.0241,true,1,1413647
7290102395439,false,מארז 8 גביעים יוגורט בטעם פירות יער וקיווי 3% Simply Fruit,מילקו תעשיות בעמ,,מאגדת שמינייה סימפלי,גרמים,1200.00,100 גרם,false,,29.90,0.0249,true,1,1413648
7290102395446,false,מעדן חלב בטעם וניל עם קצפת 123 ג' טרה,Unknown,,מוו וניל וקצפת 123 ג,גרמים,123.00,100 גרם,false,,2.90,0.0236,true,1,1413649
7290102395477,false,מעדן חלב בטעם שוקולד עם קצפת 123 ג' טרה,Unknown,,מוו שוקולד קצפת 123,גרמים,123.00,100 גרם,false,,2.90,0.0236,true,1,1413651
7290102395521,false,"שמנת לבישול 15% שומן 500 מ""ל טרה",מילקו תעשיות בעמ,,שמנת לבישול 15% עם פ,מיליליטרים,500.00,"100 מ""ל",false,,16.20,0.0324,true,1,1413652
7290102396399,false,מארז 8 יחידות מעדן חלב בטעם שוקולד 1.5%,Unknown,,מאגדת שמינייה מעדן מ,גרמים,800.00,100 גרם,false,,13.90,0.0174,true,1,1413654
7290102396436,false,"מעדן מוו שוקולד 1.5% 125 גרם בד""צ",מילקו תעשיות בעמ,,מוו מעדן חלב שוקולד,גרמים,125.00,100 גרם,false,,2.90,0.0232,true,1,1413656
7290102396443,false,"מעדן מוו וניל 1.5% 125 גרם בד""צ",מילקו תעשיות בעמ,,מוו מעדן חלב וניל 1.,גרמים,125.00,100 גרם,false,,2.90,0.0232,true,1,1413657
7290102396580,false,מעדן מוו שוקולד ומוס שוקולד טרה 118 גרם,טרה,,מעדן מוו שוקולד ומוס,גרמים,118.00,100 גרם,false,,2.90,0.0246,true,1,1413659
7290102396665,false,נעם גבינה צהובה דק דק 15% טרה 200 גרם,מילקו תעשיות בעמ,,פרוסות גבינה חצי קשה,גרמים,200.00,100 גרם,false,,15.20,0.0760,true,1,1413661
7290102397204,false,"גבנ""צ דק דק נעם פתיחה חוזרת 22% 200 גרם",מילקו תעשיות בעמ,,פרוסות גבינה צהובה 2,גרמים,200.00,100 גרם,false,,15.20,0.0760,true,1,1413678
7290102397365,true,מאגדת שמינייה סימפלי,,,מאגדת שמינייה סימפלי,יחידה,0.00,יחידה,false,,29.90,0.0000,true,1,1413683
7290102397600,false,מיקס יוגורט בתוספת שקדים ובוטנים מקורמלים 170 ג' מולר,מילקו תעשייה בעמ,,יוגורט ביו מיקס שקדי,גרמים,170.00,100 גרם,false,,5.90,0.0347,true,1,1413687
7290102397891,false,גבינה מותכת משק צוריאל 100 גרם,משק צוריאל,,גבינה מותכת 100 גרם,גרמים,100.00,100 גרם,false,,6.90,0.0690,true,1,1413692
7290102398065,false,חלב טרה בקרטון 2 ליטר מהדרין 3% - מוצר בפיקוח,הפריט בפיקוח,,חלב בקרטון 3% מהדרין,מיליליטרים,2000.00,"100 מ""ל",false,,12.46,0.0062,true,1,1413696
7290102398072,false,חלב בקרטון 3% 1 ליטר טרה ועדת מהדרין,הפריט בפיקוח,,חלב בקרטון 3% 1 ליטר,מיליליטרים,1000.00,"100 מ""ל",false,,6.23,0.0062,true,1,1413697
7290102398560,false,שוקו טרה מועשר בבקבוק 1 ליטר,מילקו תעשיות בעמ,,שוקו טרה מועשר בבקבו,מיליליטרים,1000.00,"100 מ""ל",false,,11.90,0.0119,true,1,1413713
7290102398577,false,משקה חלב בטעם שוקו 2% בבקבוק אישי,מילקו תעשיות בעמ,,שוקו טרה מועשר בבקבו,מיליליטרים,250.00,"100 מ""ל",false,,5.60,0.0224,true,1,1413714
7290102398614,false,משקה חלב בטעם בננה טרה 1 ליטר,מילקו תעשיות בעמ,,משקה חלב בטעם בננה 1,מיליליטרים,1000.00,"100 מ""ל",false,,11.90,0.0119,true,1,1413715
7290102398669,false,משקה חלב אייס קפוצ'ינו טרה 1 ליטר,מילקו תעשיות בעמ,,אייס קפוצ'ינו 1 ליטר,מיליליטרים,1000.00,"100 מ""ל",false,,11.90,0.0119,true,1,1430873
7290102398782,false,משקה סויה קלאסי משק צוריאל 1 ליטר,מחלבת משק צוריאל,,משקה סויה קלאסי צורי,מיליליטרים,1000.00,"100 מ""ל",false,,10.90,0.0109,true,1,1413719
7290102398805,false,משקה סויה בטעם וניל משק צוריאל 1 ליטר,מחלבת משק צוריאל,,משקה סויה בטעם וניל,מיליליטרים,1000.00,"100 מ""ל",false,,10.90,0.0109,true,1,1423976
7290102398836,false,משקה שקדים קלאסי 1 ליטר משק צוריאל,מחלבת משק צוריאל,,משקה שקדים קלאסי צור,מיליליטרים,1000.00,"100 מ""ל",false,,12.50,0.0125,true,1,1413721
7290102399772,false,מולר ספרדבל-ממרח חמאת מולר במליחות עדינה 250 גרם,G Weihenstephan Molkerei,,ממרח חמאה מולר במליח,גרמים,250.00,100 גרם,false,,17.90,0.0716,true,1,1430903
7290102399802,false,יוגורט עם תות מולר אקטיב מועשר בחלבון 200 גר',מולר Muller,,יוגורט ביו 20 גרם חל,גרמים,200.00,100 גרם,false,,6.20,0.0310,true,1,1420806
7290102842643,true,שיבולת בקופ' קלאסי 4,,,שיבולת בקופ' קלאסי 4,יחידה,0.00,יחידה,false,,19.90,0.0000,true,1,1425898
7290102842667,true,שיבולת שועל עם מייפל,,,שיבולת שועל עם מייפל,יחידה,0.00,יחידה,false,,19.90,0.0000,true,1,1425899
7290103401429,false,קפה קצב ברזילאי אוריגינס 200 גר,הנסיך- מפעל לייצור ט,,קפה פלטינום ברזילאי,גרמים,200.00,100 גרם,false,,24.90,0.1245,true,1,1416527
7290103404758,false,סלט כרוב אדום במיונז אחלה 120 גרם,מיוצר עי קונדיטוריית,,סלט כרוב אחלה 120 גר,גרמים,120.00,100 גרם,false,,4.70,0.0392,true,1,1405700
7290103680961,true,יין תבור חצי יבש,,,יין תבור חצי יבש,יחידה,0.00,יחידה,false,,35.00,0.0000,true,1,1423977
7290103681081,true,מארז יין תבור*3,,,מארז יין תבור*3,יחידה,0.00,יחידה,false,,89.90,0.0000,true,1,1421172
7290103702533,false,מגבות נייר כפול 6 יח רמילוי,,,מגבות נייר כפול 6 יח,יחידה,6.00,יחידה,false,,19.90,3.3167,true,1,1417473
7290103702540,false,נייר טואלט מהדרות כדור פורח 30 גלילים טאצ',טאץ' Touch,,נייר טואלט כדור פורח,יחידה,30.00,יחידה,false,,24.90,0.8300,true,1,1443494
7290103702939,false,נייר טואלט גליל כפול 16 רמילוי,,,נייר טואלט רמי לוי 1,יחידה,16.00,יחידה,false,,28.90,1.8062,true,1,1417474
7290103704162,false,נייר טואלט טאצ' 32 גלילים מהדורה 2021,"שניב תעשיות נייר בע""",,נייר טואלט טאצ' 32 י,יחידה,32.00,יחידה,false,,31.90,0.9969,true,1,1435743
7290104061417,false,סלט חומוס עם טחינה אחלה 400 גרם,"שטראוס גרופ בע""\מ",,סלט חומוס וטחינה אחל,גרמים,400.00,100 גרם,false,,9.90,0.0248,true,1,1405701
7290104061424,false,סלט חומוס עם זעתר אחלה 400 גרם,מיוצר עי קונדיטוריית,,סלט חומוס וזעתר אחלה,גרמים,400.00,100 גרם,false,,9.90,0.0248,true,1,1405702
7290104061431,false,סלט חומוס עם צנובר אחלה 400 גרם,"שטראוס גרופ בע""\מ",,חומוס עם צנובר אחלה,גרמים,400.00,100 גרם,false,,9.90,0.0248,true,1,1405703
7290104061448,false,סלט חומוס עם חריף אחלה 400 גרם,מיוצר עי קונדיטוריית,,סלט חומוס וחריף אחלה,גרמים,400.00,100 גרם,false,,9.90,0.0248,true,1,1405704
7290104062599,false,מארז 8 יחידות מעדן גמדים בטעמי תות ובננה,"שטראוס בריאות בע""\מ",,מעדן גמדים תות בננה,גרמים,800.00,100 גרם,false,,17.90,0.0224,true,1,1405705
7290104064012,false,חטיף פסק זמן GOOD שוקולד לבן גוד 36 גרם,שולן צ'יקולטה גידה ס,,פסק זמן 2good לבן 36,גרמים,36.00,100 גרם,false,,4.50,0.1250,true,1,1416533
7290104067693,false,אחלה חומוס עם חריף 150 גרם,מיוצר עי קונדיטוריית,,חומוס חריף אחלה 150,גרמים,150.00,100 גרם,false,,5.50,0.0367,true,1,1405709
7290104068539,false,מאסט פליפטופ מלון ואבטיח ללא גרעינים,"שטראוס גרופ בע""מ",,מאסט מלון אבטיח כשלפ,גרמים,28.00,100 גרם,false,,4.50,0.1607,true,1,1416537
7290104068546,false,גומי מאסט בטעם לימון קולה ללא סוכר 28 ג' עלית,"שטראוס גרופ בע""מ",,מאסט קולה לימון ללא,גרמים,28.00,100 גרם,false,,4.50,0.1607,true,1,1416538
7290104500572,false,אפרופו חטיף תירס איטליאנו אסם 50 גרם,מיוצר עי קונדיטוריית,,אפרופו איטליאנו אסם,גרמים,50.00,100 גרם,false,,3.90,0.0780,true,1,1407198
7290104501661,false,אינסטנט פודינג בטעם וניל צרפתי אסם 80 גרם,מיוצר עי קונדיטוריית,,פודינג אינסטנט בטעם,גרמים,80.00,100 גרם,false,,4.90,0.0613,true,1,1407199
7290104504228,false,מיני דובונים אסם 100 גרם מארז 5 יחידות,"אסם השקעות בע""\מ",,דובונים חטיף תפוחי א,גרמים,100.00,100 גרם,false,,12.90,0.1290,true,1,1407203
7290104570131,false,תמר מג'הול ששון ושות,,,תמר מג'הול ששון ושות,יחידה,1.00,יחידה,false,,19.90,19.9000,true,1,1406430
7290104570162,false,תמרים ללא חרצנים תמר כבוש 500 גרם,תמר העמקים בית שאן,,תמרים ללא חרצנים בוא,גרמים,500.00,100 גרם,false,,13.90,0.0278,true,1,1414620
7290104570513,false,"תמר מגהול כחול 1 ק""",פרי וירק טמרה ושותפי,,"תמר מג'הול 1 ק""ג",גרמים,1000.00,100 גרם,false,,19.90,0.0199,true,1,1417102
7290104721533,false,רצועות פלפל קלויי אחלה 400ג',מיוצר עי קונדיטוריית,,פלפלים קלויים 400 גר,גרמים,400.00,100 גרם,false,,14.90,0.0373,true,1,1405710
7290104722530,false,תפוצ'יפס בטעם שמנת בצל עלית 200 גרם,"שטראוס פריטו ליי בע""\מ )",,תפוציפס שמנת בצל 200,גרמים,200.00,100 גרם,false,,9.90,0.0495,true,1,1406167
7290104726262,false,מארז 4 יחידות דני לשתייה בטעם שוקולד + קשים,מיוצר עי קונדיטוריית,,דני בטעם שוקולד לשתי,גרמים,500.00,100 גרם,false,,10.90,0.0218,true,1,1405714
7290104726712,false,מארז 8 יחידות מעדן מילקי בטעם שוקולד עם קצפת,"שטראוס גרופ בע""\מ",,מארז 8 מילקי בטעם שו,גרמים,1064.00,100 גרם,false,,19.90,0.0187,true,1,1405715
7290104728310,false,"שמנת מתוקה עמידה 38% שומן ""יטבתה"" -מוצר בפיקוח",מחלבת יטבתה,,שמנת להקצפה 38% יטבת,מיליליטרים,250.00,"100 מ""ל",false,,6.47,0.0259,true,1,1405718
7290104930935,true,אבקת כביסהB&B 1.250,,,אבקת כביסהB&B 1.250,יחידה,0.00,יחידה,false,,0.00,0.0000,true,1,1423334
7290104931000,true,נוזל לניקוי אסלותti,,,נוזל לניקוי אסלותti,יחידה,0.00,יחידה,false,,5.00,0.0000,true,1,1423076
7290104931048,true,"ג""ל אקונומיקה7 TING",,,"ג""ל אקונומיקה7 TING",יחידה,0.00,יחידה,false,,5.00,0.0000,true,1,1422961
7290104931161,true,אבקת כביסה1.25 TING,,,אבקת כביסה1.25 TING,יחידה,0.00,יחידה,false,,5.00,0.0000,true,1,1422962
7290104931253,true,אבקת כביסה1.25 TING,,,אבקת כביסה1.25 TING,יחידה,0.00,יחידה,false,,5.00,0.0000,true,1,1422963
7290104932267,true,מסיר שומנים - TING,,,מסיר שומנים TING -,יחידה,0.00,יחידה,false,,8.00,0.0000,true,1,1423557
7290105036568,false,כרטיס ברכה בינוני,,,כרטיס ברכה בינוני,יחידה,1.00,יחידה,false,,1.50,1.5000,true,1,1421582
7290105360335,false,קפסולות אספרסו למכונות נספרסו 50 גר,הנסיך- מפעל לייצור ט,,קפסולות 07 למכונות N,יחידה,10.00,יחידה,false,,15.90,1.5900,true,1,1416545
7290105360762,false,"שמן זית 1 עדין 750 מ""ל יד מרדכי",מכוורת יד מרדכי שטראוס ב,,שמן זית 1 עדין 750 מ,מיליליטרים,750.00,"100 מ""ל",false,,31.90,0.0425,true,1,1416547
7290105362339,false,"שמנת 15% לבישול יטבתה 250 מ""ל מהדרין",שטראוס גרופ,,שמנת לבישול 15% יטבת,מיליליטרים,250.00,"100 מ""ל",false,,7.90,0.0316,true,1,1405721
7290105363602,false,מקלות כיף כף קלאסי עלית 40 גרם,שולן צ'\יקולטה גידה סאן.,,כיף כף מקלות קלאסי 4,גרמים,40.00,100 גרם,false,,4.90,0.1225,true,1,1416550
7290105364289,false,מקלות כיף כף פצפוצים עלית 40 גרם,שולן צ'\יקולטה גידה סאן.,,כיף כף מקלות פצפוצים,גרמים,40.00,100 גרם,false,,4.90,0.1225,true,1,1416551
7290105364302,false,"עלית חטיף שוקולד כיף כף מקלות אגוזים, 40 גרם",שולן צ'\יקולטה גידה סאן.,,כיף כף מקלות אגוזים,גרמים,40.00,100 גרם,false,,4.90,0.1225,true,1,1416552
7290105366993,false,סימפוניה גבינת שמנת פלפל שיפקה 5% שטראוס 200 גרם,"שטראוס בריאות בע""מ",,גבינת סימפוניה פילפל,גרמים,200.00,100 גרם,false,,10.40,0.0520,true,1,1405726
7290105369130,false,סימפוניה גבינת שמנת בצל ירוק 5% שטראוס 200 גרם,"שטראוס בריאות בע""\מ",,סימפוניה בצל ירוק 20,גרמים,200.00,100 גרם,false,,10.40,0.0520,true,1,1405734
7290105438539,false,קוקי נייר אפייה 40 דפים,אופל אריזות,,"נייר אפייה 42*37 ס""מ",יחידה,40.00,יחידה,false,,9.90,0.2475,true,1,1414242
7290105439581,false,מנה מאסטר שף חרדל דיזיון צרפתי 370 גר,רמיה סי.וי.הולנד,,חרדל דיז'ון צרפתי מא,גרמים,370.00,100 גרם,false,,10.90,0.0295,true,1,1414245
7290105439598,false,מאסטר שף חרדל דיז'ון גרגירים 370 גר כשלפ,סאס קווינור צרפת,,חרדל דיז'ון גרגירים,גרמים,370.00,100 גרם,false,,10.90,0.0295,true,1,1414246
7290105500625,true,"ג""ין בומביי ספייר70",,,"ג""ין בומביי ספייר70",יחידה,0.00,יחידה,false,,0.00,0.0000,true,1,1423527
7290105691415,true,בייגלה שמיניות ללא ג,,,בייגלה שמיניות ללא ג,יחידה,0.00,יחידה,false,,12.90,0.0000,true,1,1425759
7290105693341,false,מארז עשיריית במבה אסם 25*10 גרם,"אסם השקעות בע""\מ",,חטיף בוטנים במבה 10*,גרמים,250.00,100 גרם,false,,13.90,0.0556,true,1,1407225
7290105694904,false,אבקת מרק פטריות רכיבים טבעיים 220 גרם,"אסם השקעות בע""\מ",,אסם אב.מרק פטריות ר.,גרמים,220.00,100 גרם,false,,16.90,0.0768,true,1,1407230
7290105695321,false,עוגת הבית בראוניס פאדג' אסם 380 גרם,מיוצר עי קונדיטוריית,,הבית עוגת בראוניס פא,גרמים,350.00,100 גרם,false,,14.90,0.0426,true,1,1407235
7290105964564,false,אחלה חומוס אחלה 400ג,מיוצר עי קונדיטוריית,,סלט חומוס אחלה 400 ג,גרמים,400.00,100 גרם,false,,8.50,0.0213,true,1,1405741
7290105964915,true,פופקורן בטעם טבעי80,,,פופקורן בטעם טבעי80,יחידה,0.00,יחידה,false,,5.00,0.0000,true,1,1422964
7290105965738,false,יוגורט לשתיה בטעם תות בננה267 ג' דנונה,מיוצר עי קונדיטוריית,,יוגורט לשתיה 1.5 תות,מיליליטרים,267.00,"100 מ""ל",false,,4.50,0.0169,true,1,1405742
7290105968777,false,פריכיות 5 דגנים עם תחתית שוקולד מריר 70 גרם,"טחנת האבן תעשיות בע""",,פריכיות 5 דגנים תחתי,גרמים,70.00,100 גרם,false,,7.50,0.1071,true,1,1435027
7290106412149,true,מרשמלו רול ורוד לבן,,,מרשמלו רול ורוד לבן,יחידה,0.00,יחידה,false,,16.90,0.0000,true,1,1427400
7290106520066,false,"רבע לשבע שוקולד חלב במילוי אגוזים עלית 160 גרם בד""צ","הגביע מוצרי וופלים בע""\מ",,רבע לשבע קרם אגוזים,גרמים,160.00,100 גרם,false,,10.00,0.0625,true,1,1416563
7290106520905,false,סלט טורקי אחלה 400 גרם,"שטראוס גרופ בע""\מ",,סלט טורקי 400 גרם,גרמים,400.00,100 גרם,false,,15.90,0.0398,true,1,1405749
7290106520912,false,"שמנת 9% לבישול יטבתה 250 מ""ל מהדרין",שטראוס גרופ,,שמנת לבישול 9% יטבתה,מיליליטרים,250.00,"100 מ""ל",false,,7.60,0.0304,true,1,1405750
7290106524439,false,"תפוצ'יפס פופס 60 גרם ""עלית""","שטראוס פריטו ליי בע""\מ )",,תפוצ'יפס פופס 60 גרם,גרמים,60.00,100 גרם,false,,3.50,0.0583,true,1,1406173
7290106525382,false,קפה טורקי עלית 125 גר,עלית,,קפה טורקי עלית 125 ג,גרמים,125.00,100 גרם,false,,9.90,0.0792,true,1,1416566
7290106526822,false,פריכיות אורז חום מלא תחתית שוקולד חלב 80 גרם,"טחנת האבן תעשיות בע""",,פריכיות אורז חום מלא,גרמים,80.00,100 גרם,false,,8.00,0.1000,true,1,1416568
7290106528628,false,"דוריטוס טבעי 185 גרם ""עלית""","שטראוס פריטו ליי בע""\מ )",,דוריטוס טבעי 185 גרם,גרמים,185.00,100 גרם,false,,6.90,0.0373,true,1,1406175
7290106570146,true,"בונז""ור שנק קינמון1",,,"בונז""ור שנק קינמון1",יחידה,0.00,יחידה,false,,0.00,0.0000,true,1,1423439
7290106570603,true,"בונז""ור לחמנית ביס2",,,"בונז""ור לחמנית ביס2",יחידה,0.00,יחידה,false,,0.00,0.0000,true,1,1423440
7290106572027,false,אוסם - לחמית חמישה דגנים 190 גרם,"אסם השקעות בע""\מ",,לחמית חמישה דגנים 19,גרמים,190.00,100 גרם,false,,7.90,0.0416,true,1,1407245
7290106572065,false,חטיפי פריכונים טורטיה חמוץ מתוק 60 גרם,"פרח תעשיות מזון בע""מ",,חטיפי טורטיה תירס בט,גרמים,60.00,100 גרם,false,,6.90,0.1150,true,1,1407246
7290106573598,false,צבר חומוס לבנוני 400 גרם,סלטי צבר,,חומוס לבנוני צבר 400,גרמים,400.00,100 גרם,false,,11.90,0.0298,true,1,1407255
7290106573758,true,"בונז""ור שרוול לבגט4",,,"בונז""ור שרוול לבגט4",יחידה,0.00,יחידה,false,,0.00,0.0000,true,1,1423441
7290106574014,true,"בונז""ור נספק רולדה4",,,"בונז""ור נספק רולדה4",יחידה,0.00,יחידה,false,,0.00,0.0000,true,1,1423442
7290106574038,true,"בונז""ור נספק אובלי2",,,"בונז""ור נספק אובלי2",יחידה,0.00,יחידה,false,,0.00,0.0000,true,1,1423443
7290106574298,true,"בונז""ור שקית לחם 10",,,"בונז""ור שקית לחם 10",יחידה,0.00,יחידה,false,,0.00,0.0000,true,1,1423444
7290106574328,true,אסם אורז סיני עם נוד,,,אסם אורז סיני עם נוד,גרמים,0.00,100 גרם,false,,10.90,0.0000,true,1,1422700
7290106574793,false,עוגת הבית בטעם שוקו-שוקוצ'יפס 350 ג' אסם,מיוצר עי קונדיטוריית,,עוגת הבית שוקו שוקוצ,גרמים,350.00,100 גרם,false,,10.90,0.0311,true,1,1407263
7290106574953,false,בייגלה שטוחים כעכים שטוחים עם שומשום,מיוצר עי קונדיטוריית,,בייגלה שטוחים שומשום,גרמים,300.00,100 גרם,false,,9.90,0.0330,true,1,1407264
7290106574977,false,בייגלה שטוחים כעכים שטוחים עם מלח,מיוצר עי קונדיטוריית,,בייגלה כעכים שטוחים,גרמים,300.00,100 גרם,false,,9.90,0.0330,true,1,1407265
7290106575011,false,פתיתים אפויים קוסקוס מחיטה מלאה אסם 400 גרם,מיוצר עי קונדיטוריית,,פתיתים 30% קמח חיטה,גרמים,400.00,100 גרם,false,,6.90,0.0173,true,1,1407266
7290106575172,true,"בונז""ור עוגת דבש6*4",,,"בונז""ור עוגת דבש6*4",יחידה,0.00,יחידה,false,,0.00,0.0000,true,1,1423337
7290106575257,false,עוגת הבית סופלה בטעם שוקולד 340 ג' אסם,מיוצר עי קונדיטוריית,,עוגת הבית סופלה בטעם,גרמים,340.00,100 גרם,false,,10.90,0.0321,true,1,1407267
7290106575431,false,עוגת הבית סופלה בטעם שוקולד וניל 340 ג',מיוצר עי קונדיטוריית,,עוגת הבית סופלה בטעם,גרמים,340.00,100 גרם,false,,10.90,0.0321,true,1,1407268
7290106576513,false,סלט חומוס צבר 400 גר,סלטי צבר,,חומוס חלק צבר 400 גר,גרמים,400.00,100 גרם,false,,8.90,0.0223,true,1,1407273
7290106576537,false,חומוס מסעדות צבר 700 גרם,סלטי צבר,,חומוס מסעדה צבר 700,גרמים,700.00,100 גרם,false,,10.90,0.0156,true,1,1407274
7290106577282,false,טחינה אמיתית מרובע 400 ג' צבר,סלטי צבר,,סלט טחינה צבר 400 גר,גרמים,400.00,100 גרם,false,,10.90,0.0273,true,1,1407275
7290106577572,false,מטבוחה אמיתית מרובע 400 ג' צבר,סלטי צבר,,סלט מטבוחה אמיתית צב,גרמים,400.00,100 גרם,false,,10.90,0.0273,true,1,1407281
7290106578821,false,הבית עוגת שמרים קלאסית בטעם שוקולד 350גר.,מיוצר עי קונדיטוריית,,עוגת הבית שמרים קלאס,גרמים,350.00,100 גרם,false,,15.90,0.0454,true,1,1407288
7290106652996,false,כיף כף מקלות קוקוס חלבי 40 גר',סולן בעבור שטראוס,,כיף כף מקלות קוקוס 4,גרמים,40.00,100 גרם,false,,4.90,0.1225,true,1,1442542
7290106653504,false,סבבה בוטנים אמריקאים ברביקיו 50 גרם,"שטראוס פריטו ליי בע""",,בוטנים אמריקאים ברבי,גרמים,50.00,100 גרם,false,,2.90,0.0580,true,1,1406178
7290106662025,false,תפוציפס טבעי מלח ופלפל 50 גרם,"שטראוס פריטו ליי בע""",,תפוצ'יפס מלח פלפל 50,גרמים,50.00,100 גרם,false,,3.50,0.0700,true,1,1406184
7290106663121,false,"עוגה אישית במילוי קרם חלב ""מילקי קייק"" שטראוס",בובארד איטליה אס.פי.איי,,מילקי קייק 34 גרם,גרמים,34.00,100 גרם,false,,2.90,0.0853,true,1,1405765
7290106664562,false,רוטב שמנת עם פטריות 9% שומן 258 ג' יוטבתה,מחלבת יטבתה,,רוטב שמנת עם פטריות,מיליליטרים,250.00,"100 מ""ל",false,,9.80,0.0392,true,1,1405769
7290106666788,false,עלית - סוכריות נוסטלגיה דבש ממולאות 80 גרם,שטראוס גרופ,,סוכריות נוסלגיה דבש,גרמים,80.00,100 גרם,false,,4.90,0.0613,true,1,1416591
7290106667266,false,"דוריטוס חמוץ חריף 185 גרם ""עלית""","שטראוס פריטו ליי בע""\מ )",,דוריטוס חמוץ חריף 18,גרמים,185.00,100 גרם,false,,6.90,0.0373,true,1,1406192
7290106721920,false,צנצנת מסטיק מאסט בטעם ספירמינט עדין 66 ג' עלית,"שטראוס גרופ בע""\מ.",,"צנצנת ספירמינט לל""ס",גרמים,66.00,100 גרם,false,,9.90,0.1500,true,1,1416600
7290106725867,false,"סירופ מייפל טבעי 189 מ""ל ""יד מרדכי""",קוסלסי פוד,,סירופ מייפל טבעי 189,מיליליטרים,189.00,"100 מ""ל",false,,29.90,0.1582,true,1,1416607
7290106726178,false,יוגורט PRO עם פירות יער 2.4% 10 גרם חלבון בגביע,מיוצר עי קונדיטוריית,,יוגורט פרו 10 גרם חל,גרמים,150.00,100 גרם,false,,4.50,0.0300,true,1,1405775
7290106728523,true,ציטוס קראנצ בוטנים 3,,,ציטוס קראנצ בוטנים3,יחידה,0.00,יחידה,false,,5.00,0.0000,true,1,1422969
7290107280020,false,שלישיית מטליות לחות לניקוי כללי סנו סושי 50 יחידות,טרופיקל דגיל- תעשיות,,מטליות לחות לניקוי כ,יחידה,3.00,יחידה,false,,16.90,5.6333,true,1,1428150
7290107280341,false,ריצפז מטליות לחות לניקוי הרצפה בניחוח מלון מפנק,טרופיקל דגיל תעשיות,,מטליות לחות לרצפה בנ,יחידה,1.00,יחידה,false,,12.90,12.9000,true,1,1428152
7290107280570,false,סנו - מקסימה ג'ל כביסה מרוכז לכביסה צבעונית 3 ליטר,מיוצר עי קונדיטוריית,,ג'ל כביסה מקסימה 3 ל,מיליליטרים,3000.00,"100 מ""ל",false,,28.90,0.0096,true,1,1410184
7290107280730,false,נוזל לניקוי כלים סנו ספארק Spark בניחוח לבנדר,מיוצר עי קונדיטוריית,,נוזל כלים ספארק 700,מיליליטרים,700.00,"100 מ""ל",false,,7.90,0.0113,true,1,1410188
7290107280747,false,נוזל לניקוי כלים סנו ספארק Spark קלאסי,סנו כימיקלים,,נוזל כלים ספארק 700,מיליליטרים,700.00,"100 מ""ל",false,,7.90,0.0113,true,1,1410189
7290107280754,false,נוזל כלים סנו ספארק Spark היפואלרגני פריחת השקד,סנו ספארק,,נוזל כלים ספארק 700,מיליליטרים,700.00,"100 מ""ל",false,,7.90,0.0113,true,1,1410190
7290107641388,true,"עוגי 750 ג """,,,"עוגי 750 ג """,יחידה,0.00,יחידה,false,,0.00,0.0000,true,1,1423340
7290107644600,true,חטיף גרנולה עם שוקול,,,חטיף גרנולה עם שוקול,יחידה,0.00,יחידה,false,,15.90,0.0000,true,1,1425696
7290107646154,false,"חטיף קוקומן פצפוצים תלמה 126 גרם מארז 6 יחידות בד""צ",יוניליוור ישראל מזון בעמ,,מאגדת חטיף קוקומן פצ,יחידה,6.00,יחידה,false,,12.90,2.1500,true,1,1409793
7290107646376,false,סיף מטליות לחות לניקוי כללי בניחוח לימון,עלבד משואות יצחק בעמ,,סיף מגבונים כללי לימ,יחידה,50.00,יחידה,false,,10.90,0.2180,true,1,1409795
7290107646826,false,"חטיף שוגי שוקו תלמה 156 גרם מארז 6 יחידות בד""צ",יוניליוור ישראל מזון בעמ,,חטיפי שוגי שוקו 6*26,גרמים,156.00,100 גרם,false,,12.90,0.0827,true,1,1409797
7290107647731,false,קוקומן חום לבן 20% פחות סוכר 375 גרם,יוניליוור ישראל מזון בעמ,,קוקומן חום לבן 375 ג,גרמים,375.00,100 גרם,false,,19.90,0.0531,true,1,1409808
7290107648523,true,קורנפלקס של כוכבים3,,,קורנפלקס של כוכבים3,יחידה,0.00,יחידה,false,,0.00,0.0000,true,1,1423568
7290107871990,false,"פסטה צינורות 500 גרם ""אסם""",פסטה זארה,,אסם פסטה צינורות איט,גרמים,500.00,100 גרם,false,,5.90,0.0118,true,1,1407295
7290107874502,false,ביסלי גריל קדמ. מארז אחיד 10 4*55 גרם,מיוצר עי קונדיטוריית,,ביסלי גריל 4 * 55 גר,גרמים,220.00,100 גרם,false,,12.50,0.0568,true,1,1407305
7290107875158,false,במבה קלאסי מארז 4 יח' *60ג' אסם,מיוצר עי קונדיטוריית,,"במבה קלאסי מארז כל""פ",גרמים,240.00,100 גרם,false,,12.90,0.0538,true,1,1407307
7290107875271,false,ביסלי ברביקיו קדמ. מארז אחיד10 4*55 גרם,"אסם השקעות בע""\מ",,ביסלי ברביקיו 4 * 55,גרמים,220.00,100 גרם,false,,12.50,0.0568,true,1,1407310
7290107876902,true,"בונז""ור שמן לתבניות",,,"בונז""ור שמן לתבניות",יחידה,0.00,יחידה,false,,0.00,0.0000,true,1,1423445
7290107877619,false,מארז במבה במילוי קרם נוגט 5*30ג' אסם,"אסם השקעות בע""\מ",,במבה במילוי קרם נוגט,גרמים,150.00,100 גרם,false,,13.90,0.0927,true,1,1407319
7290107931397,false,כיף כף פצפוצים במילוי שוקולד 40 גרם,שולן צ'\יקולטה גידה סאן.,,כיף כף פצפצים 40 גרם,גרמים,135.00,100 גרם,false,,5.00,0.0370,true,1,1416613
7290107932080,false,חלב מועשר יוטבתה בבקבוק 3% 1 ליטר,מחלבת יטבתה,,חלב מועשר בקבוק 3% י,מיליליטרים,1000.00,"100 מ""ל",false,,7.70,0.0077,true,1,1405784
7290107932134,false,חלב מועשר יוטבתה בבקבוק 1% 1 ליטר,מחלבת יטבתה,,חלב מועשר בקבוק 1% י,מיליליטרים,1000.00,"100 מ""ל",false,,7.70,0.0077,true,1,1405786
7290107936309,false,דנונה יוגורט 7% יווני לבן 130 ג',"שטראוס בריאות בע""מ",,יוגורט דנונה יווני ל,גרמים,130.00,100 גרם,false,,3.20,0.0246,true,1,1405793
7290107937627,false,מסטיק מאסט Must קוביות ללא סוכר בטעם מנטה עדינה,אסקום קונפקשיין,,צנצנת קוביות מנטה עד,גרמים,58.00,100 גרם,false,,9.90,0.1707,true,1,1416627
7290107937641,false,צנצנת מסטיק בזוקה קוביות ללא סוכר,אסקום קונפקשיין,,צנצנת קוביות בזוקה 5,גרמים,58.00,100 גרם,false,,9.90,0.1707,true,1,1416629
7290107938396,false,שמיניית אקטימל תות דיסני בנים 108 גרם,מיוצר עי קונדיטוריית,,אקטימל תות דיסני 8*1,מיליליטרים,800.00,"100 מ""ל",false,,19.90,0.0249,true,1,1405799
7290107943192,false,"שמנת חמוצה מהערבה 27% שומן 200 מ""ל יטבתה",מחלבת יטבתה,,שמנת חמוצה מהערבה 27,מיליליטרים,200.00,"100 מ""ל",false,,3.90,0.0195,true,1,1405817
7290107944472,false,סימפוניה גבינה במרקם שמנת 5% שום שמיר,"שטראוס בריאות בע""\מ",,סימפוניה שום שמיר 5%,גרמים,200.00,100 גרם,false,,10.40,0.0520,true,1,1405825
7290107951104,false,בפלות ופלים ארוכים בטעם שוקולד,"שטראוס גרופ בע""\מ",,בפלות שוקולד 200 גרם,יחידה,0.00,יחידה,false,,5.50,0.0000,true,1,1416651
7290107956901,false,קפסולות בטעם אגוזים למכונת נספרסו עלית 10 יחידות,שטראוס קפה בי.וי.,,קפסולות אגוזי לוז למ,יחידה,10.00,יחידה,false,,15.90,1.5900,true,1,1405867
7290107957991,false,מילקי CAKE מיניס קרם חלב בציפוי שוקולד חלב שקית 16X9ג',בובארד איטליה אס.פי.איי,,מילקי מינייס עוגה אי,גרמים,144.00,100 גרם,false,,13.90,0.0965,true,1,1405881
7290107958035,false,יוגורט במתיקות מעודנת 2% ללא תוספת סוכר- מארז 8 יח,"שטראוס בריאות בע""\מ",,מארז דנונה מתיקות מע,גרמים,1200.00,100 גרם,false,,17.90,0.0149,true,1,1405882
7290107973038,false,"סבון ידיים משאבה פלמוליב אקווריום 300 מ""ל",הנסיך- מפעל לייצור ט,,סבון ידיים אקווריום,מיליליטרים,300.00,"100 מ""ל",false,,10.90,0.0363,true,1,1414248
7290107973861,false,מאסטר שף עגבניות קצוצות דק שלישיה 400ג*3 כשלפ,קונסרזיו קאסאלאסקו ד,,עגבניות חתוך דק מאסט,גרמים,1200.00,100 גרם,false,,15.90,0.0133,true,1,1414251
7290107974066,false,"עלי טורטיה קמח מלא 20ס""מ 8יח' מאסטר שף 320ג'",אלקאטי קורביישיסי גי,,עלי טורטייה 5 דגנים,גרמים,320.00,100 גרם,false,,9.90,0.0309,true,1,1414255
7290107974837,false,מנה מאסטר שף ממרח מתובל שום 246 גר,רמיה סי.וי.הולנד,,מאסטר שף ממרח מתובל,גרמים,253.00,100 גרם,false,,7.90,0.0312,true,1,1414260
7290107978453,false,חטיף בטעם גריל קראנצ,קראנצ'וס,,חטיף בטעם גריל קראנצ,גרמים,55.00,100 גרם,false,,3.50,0.0636,true,1,1414267
7290108070309,false,שקית בלונים פסטל מעורב צבעים-100 יח,,,בלונים במגוון צבעים,יחידה,100.00,יחידה,false,,21.80,0.2180,true,1,1414722
7290108072839,false,נייר אכיל הלו קיטי-ע,גילרוי,,נייר אכיל הלו קיטי-ע,יחידה,1.00,יחידה,false,,16.90,16.9000,true,1,1426364
7290108073041,true,נייר אכיל מיניונים-ע,,,נייר אכיל מיניונים-ע,יחידה,0.00,יחידה,false,,16.90,0.0000,true,1,1422778
7290108073362,true,זר סוכריות קשות אהבה,,,זר סוכריות קשות אהבה,יחידה,0.00,יחידה,false,,9.90,0.0000,true,1,1414732
7290108076288,false,תותח קונפטי 40 סמ -,,,תותח קונפטי 40 סמ -,יחידה,1.00,יחידה,false,,10.90,10.9000,true,1,1426388
7290108078855,true,בלון מיילר 14- ספרה,,,בלון מיילר 14- ספרה,יחידה,0.00,יחידה,false,,4.90,0.0000,true,1,1426400
7290108078879,true,בלון מיילר 14- ספרה,,,בלון מיילר 14- ספרה,יחידה,0.00,יחידה,false,,4.90,0.0000,true,1,1426401
7290108201819,true,וולייט ג'ל כביסה גול,,,וולייט ג'ל כביסה גול,יחידה,0.00,יחידה,false,,15.90,0.0000,true,1,1425909
7290108264517,true,ערכת טיפוח ותספורת R,,,ערכת טיפוח ותספורת R,יחידה,0.00,יחידה,false,,99.90,0.0000,true,1,1431179
7290108270013,false,לפתניה זהב 25 יחידות,חגיגית,,לפתניה זהב (25 יח'),יחידה,25.00,יחידה,false,,5.90,0.2360,true,1,1429785
7290108270679,false,סט הגשה שקוף (2 יח'),,,סט הגשה שקוף (2 יח'),יחידה,2.00,יחידה,false,,2.90,1.4500,true,1,1429789
7290108271164,false,מגשית אלומיניום קטנה עם מכסה R29 (5 יח'),ב.ה. דבליו,,מגשית אלומיניום עם מ,יחידה,5.00,יחידה,false,,7.90,1.5800,true,1,1415666
7290108271171,false,מגשית אלומיניום גדול עם מכסה R2 (3 יח'),חגיגית,,מגשית אלומיניום עם מ,יחידה,3.00,יחידה,false,,7.90,2.6333,true,1,1415667
7290108271188,false,כוסות נייר שתיה חמה,חגיגית,,כוסות נייר שתיה חמה,יחידה,50.00,יחידה,false,,11.90,0.2380,true,1,1415668
7290108271416,false,שקיות אשפה 52/65 עם שרוך רמי לוי,רמי לוי,,שקיות אשפה 52/65 עם,יחידה,1.00,יחידה,false,,16.90,16.9000,true,1,1415674
7290108271430,false,שקיות אשפה עם שרוך 2*10 רמי לוי,רמי לוי,,שקית אשפה עם שרוך זו,גרמים,760.00,100 גרם,false,,13.90,0.0183,true,1,1415675
7290108271454,false,שקיות מזון בקופסא רמי לוי 300 יח,רמי לוי,,שקיות מזון בקופסא רמ,יחידה,300.00,יחידה,false,,9.50,0.0317,true,1,1415676
7290108271461,false,שקיות רב שימושיות (הקפאה) 200 יחידות,רמי לוי,,שקיות הקפאה-זוגות גל,יחידה,2.00,יחידה,false,,7.90,3.9500,true,1,1415677
7290108271485,false,שקיות גופייה 75/90 רמי לוי 25 יח,איכותית,,שקיות גופייה אפור HD,יחידה,25.00,יחידה,false,,14.60,0.5840,true,1,1415678
7290108271492,false,נייר אפייה רמי לוי 37*42,רמי לוי,,נייר אפייה רמי לוי 3,יחידה,50.00,יחידה,false,,7.90,0.1580,true,1,1415679
7290108271607,false,"רדיד אלומיניום זוגות רמי לוי 30 ס""מ",רמי לוי,,רדיד אלומיניום זוגות,יחידה,2.00,יחידה,false,,11.90,5.9500,true,1,1415681
7290108271652,false,צמרוני עץ רמי לוי 100 יח,רמי לוי,,צמרוני עץ רמי לוי 10,יחידה,100.00,יחידה,false,,1.90,0.0190,true,1,1415683
7290108272000,false,כוסות שתיה קרה 100 יחידות,חגיגית,,כוסות שתיה קרה 100 י,יחידה,100.00,יחידה,false,,6.80,0.0680,true,1,1415691
7290108272079,false,מגבונים לניקוי כללי 400 יח דלי,רמי לוי,,מגבונים לניקוי כללי,יחידה,400.00,יחידה,false,,18.90,0.0472,true,1,1415692
7290108272154,false,מרקיות רמי לוי 25 יח,רמי לוי,,מרקיות רמי לוי 25 יח,יחידה,25.00,יחידה,false,,6.90,0.2760,true,1,1415695
7290108272161,false,קערית אובלית קטן רמי לוי 25 יח,רמי לוי,,קערית אובלית קטן רמי,יחידה,25.00,יחידה,false,,5.50,0.2200,true,1,1415696
7290108272185,false,צלחת בינוני רמי לוי 50 יח,רמי לוי,,צלחת בינוני רמי לוי,יחידה,50.00,יחידה,false,,11.90,0.2380,true,1,1415698
7290108272338,false,מפות עבות ואיכותיות 10 יחידות,ב.ה. דבליו,,מפות עבות ואיכותיות,יחידה,10.00,יחידה,false,,11.90,1.1900,true,1,1415700
7290108272550,false,שקיות אוכל מנייר 50 יחידות,,,שקיות אוכל מנייר (50,יחידה,50.00,יחידה,false,,7.90,0.1580,true,1,1429347
7290108272567,false,תבנית אפייה נייר עגולה 3 יחידות,,,תבנית אפייה נייר עגו,יחידה,3.00,יחידה,false,,8.30,2.7667,true,1,1415704
7290108272819,false,מגשיות אלומניום קטנות,,,מגשיות אלומניום קטנו,יחידה,8.00,יחידה,false,,10.90,1.3625,true,1,1435149
7290108272895,false,"סבון ידיים 3*500 מ""ל רמי לוי",,,סבון ידיים ים מרענן,מיליליטרים,1500.00,"100 מ""ל",false,,11.50,0.0077,true,1,1429350
7290108272918,false,"סבון ידיים 3*500 מ""ל רמי לוי",,,סבון ידיים מפנק הפי,מיליליטרים,1500.00,"100 מ""ל",false,,11.90,0.0079,true,1,1429352
7290108273083,false,צלחת קטנה איכותית קרם רמי לוי 25 יח,רמי לוי,,צלחת 7' קרם (25 יח'),יחידה,25.00,יחידה,false,,5.90,0.2360,true,1,1415709
7290108273168,false,צלחת בינונית איכותית קרם רמי לוי 25 יח,רמי לוי,,צלחת 9' קרם (25 יח'),יחידה,25.00,יחידה,false,,11.90,0.4760,true,1,1415710
7290108273182,false,צלחת בינונית איכותית כסף רמי לוי 25 יח,רמי לוי,,צלחת 9' כסף (25 יח'),יחידה,25.00,יחידה,false,,11.90,0.4760,true,1,1427950
7290108273229,false,צלחת גדולה איכותית ר,רמי לוי,,צלחת 10' כסף (20 יח',יחידה,20.00,יחידה,false,,16.90,0.8450,true,1,1427951
7290108273410,false,ניילון נצמד זוגות 2*30 רמי לוי,רמי לוי,,ניילון נצמד זוגות 2*,יחידה,2.00,יחידה,false,,8.90,4.4500,true,1,1415712
7290108273427,false,ניילון נצמד 150 מטר + סכין עליון רמי לוי,רמי לוי,,ניילון נצמד 150 מ' ס,יחידה,1.00,יחידה,false,,15.90,15.9000,true,1,1415713
7290108273618,false,קיסמי שניים מארז מלחייה רמי לוי,רמי לוי,,קיסמי שניים מארז מלח,יחידה,500.00,יחידה,false,,2.90,0.0058,true,1,1415716
7290108273663,false,מגשיות אלומיניום גדולות (5 יח') R33 רמי,רמי לוי,,מגשיות אלומיניום גדו,יחידה,5.00,יחידה,false,,6.90,1.3800,true,1,1415719
7290108273670,false,מגשיות אלומיניום ענקיות (3 יח') R99 רמי,רמי לוי,,תבניות אלומניום ענקי,יחידה,3.00,יחידה,false,,8.90,2.9667,true,1,1415720
7290108273687,false,תבנית אלומניום עגולה רמי לוי 5 יח,רמי לוי,,מגשיות אלומיניום עגו,יחידה,5.00,יחידה,false,,5.90,1.1800,true,1,1415721
7290108273694,false,מגשיות אלומיניום אינגליש (10 יח') R88 רמ,רמי לוי,,תבנית אינגליש קייק ר,יחידה,10.00,יחידה,false,,7.90,0.7900,true,1,1415722
7290108273885,false,פלסטר שקוף רמי לוי 100 יח,רמי לוי,,פלסטרים שקופים (100,יחידה,100.00,יחידה,false,,6.90,0.0690,true,1,1415729
7290108274059,false,מגשיות אלומיניום קטנות (8 יח') R29 רמי ל,,,מגשיות אלומיניום קטנ,יחידה,8.00,יחידה,false,,7.90,0.9875,true,1,1415739
7290108274127,false,שקיות גדולות 100 יח רמי לוי,,,שקיות אשפה 52/65 (10,יחידה,100.00,יחידה,false,,19.90,0.1990,true,1,1427956
7290108274585,false,כוסות נייר שתיה חמה,,,כוסות נייר שתיה חמה,יחידה,50.00,יחידה,false,,11.90,0.2380,true,1,1415745
7290108274592,false,נייר אפייה רמי לוי 3,נייר אפיה 3 ב 21,,נייר אפייה רמי לוי 3,יחידה,50.00,יחידה,false,,7.90,0.1580,true,1,1432203
7290108274615,false,קעריות אובליות לבן 25 יחידות,,,קערית אובלית קטן רמי,יחידה,25.00,יחידה,false,,5.50,0.2200,true,1,1432679
7290108274622,false,לבן מרקיה (25 יח') בסט וליו,,,מרקיות רמי לוי 25 יח,יחידה,25.00,יחידה,false,,6.90,0.2760,true,1,1428481
7290108274639,false,צלחות קטנות לבן 50 יחידות-רמי,,,צלחת בינוני רמי לוי,יחידה,50.00,יחידה,false,,11.90,0.2380,true,1,1428482
7290108274707,false,קרם צלחת 9' (25 יח') בסט וליו,,,צלחת 9' קרם (25 יח'),יחידה,25.00,יחידה,false,,11.90,0.4760,true,1,1415747
7290108275407,false,כוס שתייה קרה 100 יח-חגיגית,כוסות שתיה קרה 4 ב 1,,כוסות שתיה קרה 100 י,יחידה,100.00,יחידה,false,,6.80,0.0680,true,1,1415753
7290108275544,false,מזלג לבן (100 יח') ב,,,מזלג לבן (100 יח') ב,יחידה,100.00,יחידה,false,,9.90,0.0990,true,1,1415755
7290108275551,false,כף לבנה 100 יחידות,,,כף לבן 100 יחידות,יחידה,100.00,יחידה,false,,9.90,0.0990,true,1,1415756
7290108275568,false,כפית לבן 100 יחידות,,,כפית לבן 100 יחידות,יחידה,100.00,יחידה,false,,7.90,0.0790,true,1,1415757
7290108276343,false,מטליות רצפה זיגזג רמי לוי,,,מטליות רצפה זיגזג 3,יחידה,3.00,יחידה,false,,7.90,2.6333,true,1,1415766
7290108277555,false,שקיות אשפה 90*75 רמי לוי,,,שקיות אשפה 75*90 רמי,יחידה,40.00,יחידה,false,,19.90,0.4975,true,1,1415773
7290108277579,false,שקיות אשפה 50*50 רמי לוי,,,שקיות אשפה לפחים קטנ,יחידה,100.00,יחידה,false,,10.90,0.1090,true,1,1415774
7290108278095,false,כסף אובלי עמוק (12יח,,,כסף אובלי עמוק (12יח,יחידה,12.00,יחידה,false,,9.90,0.8250,true,1,1429801
7290108278842,false,ניו יורק סכין קרם (10יח'),,,ניו יורק סכין קרם (1,יחידה,10.00,יחידה,false,,4.90,0.4900,true,1,1429817
7290108278866,false,ניו יורק כפיות קרם 10 יח בשקית,,,ניו יורק כפית קרם (1,יחידה,10.00,יחידה,false,,4.90,0.4900,true,1,1429819
7290108279115,false,ניו יורק צלחת כסף 7,,,ניו יורק צלחת כסף 7,יחידה,10.00,יחידה,false,,8.90,0.8900,true,1,1429824
7290108279184,false,ניו יורק צלחת קרם מר,,,ניו יורק צלחת קרם מר,יחידה,10.00,יחידה,false,,8.90,0.8900,true,1,1429831
7290108279252,false,ניו יורק צלחת ורוד ע,,,ניו יורק צלחת ורוד ע,יחידה,10.00,יחידה,false,,15.90,1.5900,true,1,1427966
7290108350258,false,נייר טואלט דו שכבתי ארוך פי 3 - מארז 12 גלילים,מפעלי ברונוס בעמ,,נייר טואלט סופט 12 ג,יחידה,12.00,יחידה,false,,32.90,2.7417,true,1,1410192
7290108350616,false,סנו - מקסימה מרכך כביסה מרוכז פריחה כחולה 1 ליטר,"סנו מפעלי ברונוס בע""\מ",,מרכך מרוכז 1 ליטר מק,מיליליטרים,1000.00,"100 מ""ל",false,,17.90,0.0179,true,1,1410196
7290108351507,false,מרכך כביסה אינספרישיין סנו מקסימה 4 ליטר,סנו מקסימה,,מרכך 4 ליטר סופט סיל,מיליליטרים,4000.00,"100 מ""ל",false,,21.90,0.0055,true,1,1410202
7290108351835,true,מקסימה מרכך כביסה סנ,,,מקסימה מרכך כביסה סנ,מיליליטרים,0.00,"100 מ""ל",false,,22.90,0.0000,true,1,1422722
7290108352672,false,צמד מטליות הפלא לרצפה מיקרפייבר סנו סושי,סנו מפעלי ברונוס.,,מטליות הפלא לריצפה מ,יחידה,2.00,יחידה,false,,19.90,9.9500,true,1,1410218
7290108356137,true,כיף תחליב רחצה לבנדר,,,כיף תחליב רחצה לבנדר,מיליליטרים,0.00,"100 מ""ל",false,,12.90,0.0000,true,1,1410229
7290108359077,false,סנו - סופט לושן ממחטות אף בקופסא 3 שכבות 120 יח',"סנו מפעלו ברונוס בע""\מ",,ממחטות לושן 120 יחיד,יחידה,120.00,יחידה,false,,13.90,0.1158,true,1,1439444
7290108500677,false,כבד דג שיבוט בשמן דג וילי פוד 115 גרם,"איטיליאן פוד, אס.פי.",,כבד דג שיבוט בשמן הד,גרמים,115.00,100 גרם,false,,9.90,0.0861,true,1,1408470
7290108501957,true,פלפל אדום מתוק פיקנט,,,פלפל אדום מתוק פיקנט,יחידה,0.00,יחידה,false,,16.00,0.0000,true,1,1423708
7290108502305,false,גבינת גרנה פדנו משולש ויליפוד 150 גרם,וילי פוד,,גבינת גרנה פדנו משול,גרמים,150.00,100 גרם,false,,19.90,0.1327,true,1,1408514
7290108502541,false,גבינת שמנת טעם טבעי ויליפוד 200 גרם,Euro יורו מחלבות אירופה,,גבינת שמנת טבעי 24%,גרמים,200.00,100 גרם,false,,12.90,0.0645,true,1,1408526
7290108502558,false,גבינת שמנת טעם טבעי לייט ויליפוד 200 גרם,אטלסר&אלפרי קאסורק,,גבינה במרקם שמנת ליי,גרמים,200.00,100 גרם,false,,12.90,0.0645,true,1,1408527
7290108502930,false,רוטב עגבניות זיתים ו,,,רוטב עגבניות זיתים ו,יחידה,0.00,יחידה,false,,8.90,0.0000,true,1,1408542
7290108503692,false,פיצה מרגריטה ויליפוד 380 גרם,מוטלוקל גידה סאנאי טיקרט,,פיצה מרגריטה ויליפוד,גרמים,380.00,100 גרם,false,,14.90,0.0392,true,1,1408579
7290108503708,false,פיצה עם פטריות ויליפוד 390 גרם,מוטלוקל גידה סאנאי טיקרט,,פיצה עם פטריות ויליפ,גרמים,390.00,100 גרם,false,,14.90,0.0382,true,1,1408580
7290108503982,false,פרוסות גבינה בטעם צ'דר לכריכים וטוסטים ויליפוד 150 גרם,סנטרל קסרה,,פרוסות גבינה בטעם צ',גרמים,150.00,100 גרם,false,,9.90,0.0660,true,1,1408587
7290108504293,false,מנצ'גו צ'אנק ויליפוד 150 גרם,ג.וילי פוד אינטרנשיו,,מנצ'גו צ'אנק יורו 15,גרמים,150.00,100 גרם,false,,17.90,0.1193,true,1,1433817
7290108504378,false,גבינת שמנת עם זיתים ויליפוד 200 גרם,אטלסר&אלפרי קאסורק,,גבינת שמנת עם זיתים,גרמים,200.00,100 גרם,false,,11.90,0.0595,true,1,1408604
7290108504385,false,גבינת שמנת עם חלפיניו ויליפוד 200 גרם,Euro יורו מחלבות אירופה,,גבינת שמנת עם חלפיני,גרמים,200.00,100 גרם,false,,12.90,0.0645,true,1,1408605
7290108504699,false,רביעיית טונה בשמן קנולה פתח קל ויליפוד 4*160 גרם,גולדן פרייז קאנינג אל טי,,נתחי טונה בהירה בשמן,גרמים,640.00,100 גרם,false,,19.90,0.0311,true,1,1435388
7290108505740,false,קשקבל גבינה חצי קשה EURO CHEESE ויליפוד 200 גרם,Euro יורו מחלבות אירופה,,גבינת קשקבל חצי קשה,גרמים,200.00,100 גרם,false,,12.90,0.0645,true,1,1432175
7290108506426,false,בייגלה קראנצ'י טורקי אותנטי - מוקפא,וילי פוד,,בייגלה קפוא ויליפוד,גרמים,400.00,100 גרם,false,,15.90,0.0398,true,1,1429123
7290108507072,false,שבבי גבינת גרנה פדנו ויליפוד 100 גרם,זנאטי,,שבבי גבינת גרנה פדנו,גרמים,100.00,100 גרם,false,,10.90,0.1090,true,1,1434762
7290108507492,false,קרקרים עם שומשום 105ג רמילוי,,,קרקרים עם שומשום רמי,גרמים,105.00,100 גרם,false,,5.50,0.0524,true,1,1434710
7290108507508,false,קרקרים עם תרד ושמיר 105ג רמילוי,,,קרקרים עם תרד ושמיר,גרמים,105.00,100 גרם,false,,5.50,0.0524,true,1,1434711
7290108508130,false,עגבניות איטלקיות מרוסקות 390 גרם,וילי פוד,,עגבניות איטלקיות בקר,גרמים,390.00,100 גרם,false,,8.90,0.0228,true,1,1438416
7290108508147,false,מחית עגבניות איטלקיות ויליפוד 500 גרם,וילי פוד,,עגבניות איטלקיות בקר,גרמים,500.00,100 גרם,false,,9.90,0.0198,true,1,1438417
7290108508574,false,פסטה ברוטב עגבניות פיקנטי ארביאטה 250 ג'-מוכנה לאכילה,וילי פוד,,פסטה ברוטב עגבניות פ,גרמים,250.00,100 גרם,false,,6.90,0.0276,true,1,1437466
7290108508581,false,פסטה ברוטב עגבניות נאפוליטנה 250 ג'-מוכנה לאכילה,,,פסטה ברוטב נאפוליטנה,גרמים,250.00,100 גרם,false,,6.90,0.0276,true,1,1437467
7290108509113,false,"גבינה בולגרית מעודנת 18% שומן 250 גרם חת""ס פ""ת",Euro יורו מחלבות אירופה,,גבינה בולגרית מעודנת,גרמים,250.00,100 גרם,false,,11.90,0.0476,true,1,1437470
7290108509120,false,גבינה בולגרית מעודנת 18% שומן יורו 500 ג',"היצרן: קוליוס אס. איי, ג",,גבינה בולגרית מעודנת,גרמים,500.00,100 גרם,false,,19.90,0.0398,true,1,1442202
7290108509267,false,ארוחת פסטה עם רוטב גבינה ויליפוד 206 גרם,הנסיך- מפעל לייצור ט,,ארוחת פסטה עם רוטב ג,גרמים,250.00,100 גרם,false,,7.90,0.0316,true,1,1437472
7290108509700,false,"אורז פרסי DAAWAT מהדרין 1 ק""ג",אל.טי.פודס לימיטד,,אורז פרסי DAAWAT 1 ק,גרמים,1000.00,100 גרם,false,,9.90,0.0099,true,1,1438422
7290108509939,false,פרוסות פילה טונה בשמן זית כתית מעולה,וילי פוד,,פרוסות פילה טונה 120,גרמים,120.00,100 גרם,false,,13.90,0.1158,true,1,1439105
7290108509946,false,"טורטיה (15 ס""מ קוטר) 250 גרם",מוטלוקל גידה סאנאי טיקרט,,טורטייה קטנה ויליפוד,גרמים,250.00,100 גרם,false,,5.50,0.0220,true,1,1438427
7290108530056,true,שקית בד סופרקופיקס,,,שקית בד סופרקופיקס,יחידה,0.00,יחידה,false,,5.00,0.0000,true,1,1412553
7290108530148,true,אפונה ירוקה קפואה35,,,אפונה ירוקה קפואה35,יחידה,0.00,יחידה,false,,5.00,0.0000,true,1,1422972
7290108530155,true,שעועית חתוכה קפואה3,,,שעועית חתוכה קפואה3,יחידה,0.00,יחידה,false,,2.90,0.0000,true,1,1422973
7290108530162,true,לקט ירקות קפואים350,,,לקט ירקות קפואים350,יחידה,0.00,יחידה,false,,2.90,0.0000,true,1,1422974
7290108530179,true,גרעיני תירס קפואים3,,,גרעיני תירס קפואים3,יחידה,0.00,יחידה,false,,5.00,0.0000,true,1,1422975
7290108530391,true,מוזלי יוגורט 3%,,,מוזלי יוגורט 3%,יחידה,0.00,יחידה,false,,6.00,0.0000,true,1,1422976
7290108530520,true,קופיקס-אורז קטניות2,,,קופיקס-אורז קטניות2,יחידה,0.00,יחידה,false,,6.00,0.0000,true,1,1422977
7290108530650,true,תערובת לעוגת וניל28,,,תערובת לעוגת וניל28,יחידה,0.00,יחידה,false,,5.00,0.0000,true,1,1422978
7290108530667,true,סירופ בטעם מייפל180,,,סירופ בטעם מייפל180,יחידה,0.00,יחידה,false,,5.00,0.0000,true,1,1422979
7290108530674,true,סירופ בטעם שוקולד20,,,סירופ בטעם שוקולד20,יחידה,0.00,יחידה,false,,5.00,0.0000,true,1,1422980
7290108531596,true,איש מחזיק לטלפון-10,,,איש מחזיק לטלפון-10,יחידה,0.00,יחידה,false,,5.00,0.0000,true,1,1422981
7290108531640,true,7מטליות לרצפה,,,7מטליות לרצפה,יחידה,0.00,יחידה,false,,5.00,0.0000,true,1,1422982
7290108531909,true,מרק אפונה 2.5 ליטר4,,,מרק אפונה 2.5 ליטר4,יחידה,0.00,יחידה,false,,0.00,0.0000,true,1,1422983
7290108532661,true,"שני ק""ג עוגיות אלפחו",,,"1ק""ג עוגיות אלפחורס",יחידה,0.00,יחידה,false,,0.00,0.0000,true,1,1422985
7290108533347,true,קופיקס-מ א - סחבה60,,,קופיקס-מ א - סחבה60,יחידה,0.00,יחידה,false,,0.00,0.0000,true,1,1422986
7290108533514,true,כלי עזר להכנת חמין-,,,כלי עזר להכנת חמין-,יחידה,0.00,יחידה,false,,0.00,0.0000,true,1,1422813
7290108533873,true,שוקו העדה החרדית1 -,,,שוקו העדה החרדית1 -,יחידה,0.00,יחידה,false,,2999.90,0.0000,true,1,1422988
7290108533958,true,סל כביסה מתקפל48*32,,,סל כביסה מתקפל48*32,יחידה,0.00,יחידה,false,,5.00,0.0000,true,1,1422990
7290108533972,true,סילאן תמרים טבעי125,,,סילאן תמרים טבעי125,יחידה,0.00,יחידה,false,,5.00,0.0000,true,1,1422991
7290108534498,true,אבקת אייס קפה דיאט6,,,אבקת אייס קפה דיאט6,יחידה,0.00,יחידה,false,,2999.90,0.0000,true,1,1422993
7290108534658,true,אורז אדום עם תירס10,,,אורז אדום עם תירס10,יחידה,0.00,יחידה,false,,5.00,0.0000,true,1,1423000
7290108534696,true,אייס בואנו קילוי10 -,,,אייס בואנו קילוי10 -,יחידה,0.00,יחידה,false,,2999.90,0.0000,true,1,1422814
7290108534856,true,עוגיות וניל עוגיות2,,,עוגיות וניל עוגיות2,יחידה,0.00,יחידה,false,,0.00,0.0000,true,1,1422815
7290108537987,true,כריך מיקס גבינות CFF,,,כריך מיקס גבינותCFF,יחידה,0.00,יחידה,false,,5.00,0.0000,true,1,1423002
7290108538014,true,כריך סלט ביצים CFF,,,כריך סלט ביצים CFF,יחידה,0.00,יחידה,false,,5.00,0.0000,true,1,1423003
7290108538038,true,לחמניית סלט טוניסאי,,,לחמנייה טוניסאיתfds,יחידה,0.00,יחידה,false,,6.00,0.0000,true,1,1423004
7290108538052,true,לחמניית סביח CFF,,,לחמניית סביח CFF,יחידה,0.00,יחידה,false,,5.00,0.0000,true,1,1423005
7290108538267,true,סושי אינסיידאאוטCFF,,,סושי אינסיידאאוטCFF,יחידה,0.00,יחידה,false,,5.00,0.0000,true,1,1423007
7290108538274,true,מסטיק מנטה חריפה cof,,,מסטיק מנטה חריפהcof,יחידה,0.00,יחידה,false,,5.00,0.0000,true,1,1423008
7290108538977,false,מטריה קופיקס,,,מטריה קופיקס,יחידה,1.00,יחידה,false,,8.00,8.0000,true,1,1410520
7290108539394,true,סושי סלמון CFF,,,סושי סלמון CFF,יחידה,0.00,יחידה,false,,5.00,0.0000,true,1,1423045
7290108539424,true,טוסט פיקנטי fds,,,טוסט פיקנטי fds,יחידה,0.00,יחידה,false,,6.00,0.0000,true,1,1423046
7290108539448,true,"ג""בטה סביח Cff",,,"ג""בטה סביח fds",יחידה,0.00,יחידה,false,,5.00,0.0000,true,1,1423051
7290108539455,true,"ג""בטה טונה Cff",,,"ג""בטה טונה fds",יחידה,0.00,יחידה,false,,5.00,0.0000,true,1,1423052
7290108539462,true,"ג""בטה טונה פיקנטיתC",,,"ג""בטה טונה פיקנטיתf",יחידה,0.00,יחידה,false,,5.00,0.0000,true,1,1423053
7290108539479,true,"ג""בטה בולגרית fds",,,"ג""בטה בולגרית fds",יחידה,0.00,יחידה,false,,5.00,0.0000,true,1,1423054
7290108539615,true,לחמניית סלט ביצים Cf,,,לחמניית סלט ביציםCf,יחידה,0.00,יחידה,false,,5.00,0.0000,true,1,1423050
7290108539660,true,חמין העדה החרדית5.,,,חמין העדה החרדית5.,יחידה,0.00,יחידה,false,,0.00,0.0000,true,1,1423061
7290109296258,true,כדורגל מס 5,,,כדורגל מס 5,יחידה,0.00,יחידה,false,,0.00,0.0000,true,1,1423342
7290109358765,false,דגני בוקר קראנץ' רולס נוגט 450 גרם,"אסם השקעות בע""\מ",,קראנץ' רולס 450 גרם,גרמים,450.00,100 גרם,false,,19.90,0.0442,true,1,1407361
7290109580098,false,קבנוס בטעם סרירצ'ה זוגלובק 135 גרם,זוגלובק,,קבנוס בטעם סרירצ'ה ז,גרמים,135.00,100 גרם,false,,9.90,0.0733,true,1,1440040
7290109580166,false,סרוולד קלאסי פרימיום 150 גרם זוגלובק,זוגלובק,,סרוולד פרימיום זוגלו,גרמים,150.00,100 גרם,false,,24.90,0.1660,true,1,1434667
7290109580210,false,נקנקיות ריינהולד'ס הצרפתיה זוגלובק 300 ג',זוגלובק,,נקניקיות ריינהולד'ס,גרמים,300.00,100 גרם,false,,21.90,0.0730,true,1,1438139
7290109580241,false,נאגטס מן הצומח זוגלובק 500 גרם,זוגלובק טבע,,נאגטס מן הצומח זוגלו,גרמים,500.00,100 גרם,false,,25.90,0.0518,true,1,1440661
7290109920078,true,טבליות למדיח 20,,,טבליות למדיח 20,יחידה,0.00,יחידה,false,,0.00,0.0000,true,1,1423343
7290109920603,false,"אסטוניש קרם לניקוי המטבח 500 מ""ל",יעקבי- אסטוניש Astonish,,קרם לניקוי המטבח אסט,מיליליטרים,500.00,"100 מ""ל",false,,10.90,0.0218,true,1,1439218
7290110051242,true,סט דגלונים לתליה -סג,,,סט דגלונים לתליה -סג,יחידה,0.00,יחידה,false,,6.10,0.0000,true,1,1424651
7290110051266,true,סט דגלונים לתליה -יר,,,סט דגלונים לתליה -יר,יחידה,0.00,יחידה,false,,6.10,0.0000,true,1,1424652
7290110053253,false,שקית 10 בלונים (נקניק),,,שקית 10 בלונים (נקני,יחידה,1.00,יחידה,false,,6.10,6.1000,true,1,1424656
7290110057459,true,ממתק ספריי בטעמים ענ,,,ממתק ספריי בטעמים ענ,יחידה,0.00,יחידה,false,,7.50,0.0000,true,1,1426428
7290110058128,true,שוקולד מטרייה עם תיל,,,שוקולד מטרייה עם תיל,יחידה,0.00,יחידה,false,,3.90,0.0000,true,1,1424661
7290110058869,false,מארז שלישיית ביצי שוקולד סמי הכבאי,שמחה זה אנחנו,,שלישיית ביצי שוקולד,יחידה,3.00,יחידה,false,,12.90,4.3000,true,1,1414752
7290110059743,true,חותמת עם סוכריות מפר,,,חותמת עם סוכריות מפר,יחידה,0.00,יחידה,false,,4.50,0.0000,true,1,1424668
7290110110369,false,"שישייה בירה קרלסברג LUMA בקבוק 330 מ""ל",מבשלות בירה בינלאומיות ב,,בירה קרלסברג LUMA שי,מיליליטרים,1980.00,"100 מ""ל",false,,39.90,0.0202,true,1,1430720
7290110110574,false,"פחיות קוקה קולה זירו לימון 330 מ""ל",החברה המרכזית לייצור משק,,סליק ZERO לימון 330,מיליליטרים,330.00,"100 מ""ל",false,,6.20,0.0188,true,1,1413558
7290110110703,false,מארז ספרייט שישייה פחיות FRIDGE PACK,החברה המרכזית לייצור משק,,מארז ספרייט חדש 6 פח,מיליליטרים,1980.00,"100 מ""ל",false,,24.10,0.0122,true,1,1413565
7290110110765,false,פיוז טי גרין בטעם לימון נענע 500 מל,מבשלות בירה בינלאומי,,FUZE tea גרין לימון-,מיליליטרים,500.00,"100 מ""ל",false,,6.90,0.0138,true,1,1413567
7290110111656,true,פריגת ענבים פחית 250,,,פריגת ענבים פחית 250,מיליליטרים,0.00,"100 מ""ל",false,,5.00,0.0000,true,1,1413569
7290110111755,true,פריגת תות בננה פחית,,,פריגת תות בננה פחית,מיליליטרים,0.00,"100 מ""ל",false,,5.00,0.0000,true,1,1413571
7290110113421,false,"בירה מעוננת קרלסברג luma 330 מ""ל",מבשלות בירה בינלאומיות ב,,בירה קרלסברג לומה 33,מיליליטרים,330.00,"100 מ""ל",false,,7.90,0.0239,true,1,1441649
7290110113490,false,פיוז טי אפרסק 19 קלוריות 500 מל,מבשלות בירה בינלאומיות ב,,"פיוז תה אפרסק 500 מ""",מיליליטרים,500.00,"100 מ""ל",false,,8.40,0.0168,true,1,1429490
7290110114787,false,נביעות+ מים מינרליים בטעם תפוח 1.5 ליטר,נביעות טבע הגליל בעמ,,מים בטעם תפוח נביעות,מיליליטרים,1500.00,"100 מ""ל",false,,9.20,0.0061,true,1,1439103
7290110114794,false,נביעות+ מים מינרליים בטעם אפרסק 1.5 ליטר,"נביעות טבע הגליל בע""\מ ,",,מים בטעם אפרסק נביעו,מיליליטרים,1500.00,"100 מ""ל",false,,9.20,0.0061,true,1,1438733
7290110114855,false,"נביעות מים מינרליים, שישיה 6 * 1.5 ליטר פקדון",נביעות טבע הגליל בעמ,,מים מינרילים נביעות,מיליליטרים,9000.00,"100 מ""ל",false,,13.70,0.0015,true,1,1438739
7290110114961,false,משקה קל תפוזים פריגת 1.5 ליטר,מבשלות בירה בינלאומיות ב,,פריגת תפוזים 1.5 ליט,מיליליטרים,1500.00,"100 מ""ל",false,,9.10,0.0061,true,1,1438740
7290110114985,false,משקה קל אשכוליות פריגת 1.5 ליטר,מבשלות בירה בינלאומיות ב,,פריגת אשכוליות 1.5 ל,מיליליטרים,1500.00,"100 מ""ל",false,,9.10,0.0061,true,1,1438742
7290110114992,false,משקה קל לייט אשכוליות פריגת 1.5 ליטר,מבשלות בירה בינלאומיות ב,,פריגת אשכוליות לייט,מיליליטרים,1500.00,"100 מ""ל",false,,7.30,0.0049,true,1,1438743
7290110115005,false,משקה קל ענבים פריגת 1.5 ליטר,מבשלות בירה בינלאומיות ב,,משקה קל ענבים פריגת,מיליליטרים,1500.00,"100 מ""ל",false,,9.10,0.0061,true,1,1438744
7290110115043,false,משקה קל לימונענע פריגת 1.5 ליטר,מבשלות בירה בינלאומיות ב,,פריגת לימונענע 1.5 ל,מיליליטרים,1500.00,"100 מ""ל",false,,9.10,0.0061,true,1,1438748
7290110115050,false,פריגת מיקס תות בננה 1.5 ליטר פיקדון,מבשלות בירה בינלאומיות ב,,פריגת מיקס תות-בננה,מיליליטרים,1500.00,"100 מ""ל",false,,9.10,0.0061,true,1,1438749
7290110115081,false,פריגת צלול ענבים 1.5 ליטר פיקדון,"מבשלות בירה לישראל בע""\מ",,פריגת צלול בטעם ענבי,מיליליטרים,1500.00,"100 מ""ל",false,,8.80,0.0059,true,1,1438751
7290110115104,false,פריגת צלול אפרסק 1.5 ליטר פיקדון,מבשלות בירה בינלאומיות ב,,פריגת צלול בטעם אפרס,מיליליטרים,1500.00,"100 מ""ל",false,,8.80,0.0059,true,1,1438753
7290110115203,false,קוקה קולה 1.5 ליטר פיקדון,החברה המרכזית לייצור משק,,קוקה קולה 1.5 ליטר,מיליליטרים,1500.00,"100 מ""ל",false,,8.90,0.0059,true,1,1438761
7290110115210,false,דיאט קוקה קולה 1.5 ליטר פיקדון,החברה המרכזית לייצור משק,,דיאט קוקה קולה 1.5 ל,מיליליטרים,1500.00,"100 מ""ל",false,,8.60,0.0057,true,1,1438762
7290110115227,false,קוקה-קולה זירו בקבוק 1.5 ליטר,החברה המרכזית לייצור משק,,קוקה קולה זירו בקבוק,מיליליטרים,1500.00,"100 מ""ל",false,,8.80,0.0059,true,1,1438763
7290110115265,false,ספרייט לימון ליים 1.5 ליטר-,החברה המרכזית לייצור משק,,ספרייט ליים 1.5 ליטר,מיליליטרים,1500.00,"100 מ""ל",false,,8.90,0.0059,true,1,1438767
7290110115296,false,משקה מוגז אורנג' פאנטה 1.5 ליטר,החברה המרכזית לייצור משק,,פאנטה אורנג' 1.5 ליט,מיליליטרים,1500.00,"100 מ""ל",false,,9.10,0.0061,true,1,1438769
7290110115333,false,פאנטה תות 1.5 ליטר פיקדון,החברה המרכזית לייצור משק,,פאנטה תות 1.5 ליטר,מיליליטרים,1500.00,"100 מ""ל",false,,9.10,0.0061,true,1,1438772
7290110115340,false,פאנטה ענבים 1.5 ליטר פיקדון,החברה המרכזית לייצור משק,,פאנטה ענבים 1.5 ליטר,מיליליטרים,1500.00,"100 מ""ל",false,,9.10,0.0061,true,1,1438773
7290110115357,false,קינלי סודה 1.5 ליטר פיקדון,החברה המרכזית לייצור משק,,קינלי סודה 1.5 ליטר,מיליליטרים,1500.00,"100 מ""ל",false,,4.30,0.0029,true,1,1438774
7290110115401,false,קינלי סודה שישייה 1.5 ליטר פיקדון,החברה המרכזית לייצור משק,,שישיית קינלי סודה 1.,מיליליטרים,9000.00,"100 מ""ל",false,,15.70,0.0017,true,1,1438778
7290110115425,false,FUZE TEA גרין לימונענע -נענע 1.5 ליטר פיקדון,מבשלות בירה בינלאומיות ב,,תה קר ירוק לימון ונע,מיליליטרים,1500.00,"100 מ""ל",false,,8.80,0.0059,true,1,1438780
7290110115616,false,FUZE tea zero גרין אננס 1.5 ליטר פיקדון,מבשלות בירה בינלאומיות ב,,פיוז תה גרין אננס זי,מיליליטרים,1500.00,"100 מ""ל",false,,8.90,0.0059,true,1,1440798
7290110115623,false,משקה פיוז טי זירו ZERO בטעם אפרסק,מבשלות בירה בינלאומיות ב,,פיוז תה אפרסק זירו 1,מיליליטרים,1500.00,"100 מ""ל",false,,8.90,0.0059,true,1,1440799
7290110115876,false,קינלי סודה 1.5ליטר-,"אינסטנטה בע""מ",,קינלי סודה 1.5 ליטר,מיליליטרים,1500.00,"100 מ""ל",false,,4.30,0.0029,true,1,1442350
7290110116040,false,פאנטה זירו פירות כחולים 1.5 ליטר.,החברה המרכזית לייצור משק,,פאנטה ZERO פירות כח,מיליליטרים,1500.00,"100 מ""ל",false,,9.10,0.0061,true,1,1441082
7290110116132,false,"סירופ בטעם לימון פריגת 750 מ""ל",סירופ - גבעת חיים,,סירופ לימון 750 פריג,מיליליטרים,750.00,"100 מ""ל",false,,24.90,0.0332,true,1,1442262
7290110116194,false,נביעות+ סדרת 0 קלוריות לימון-ליים 1.5 ליטר,"נביעות טבע הגליל בע""\מ",,נביעות+ לימון ליים 0,מיליליטרים,1500.00,"100 מ""ל",false,,9.90,0.0066,true,1,1441846
7290110116491,false,פריגת סחוט מיקס אפרסק משמש 1ליטר,פריגת מצוננים,,פריגת מיקס אפרסק משמ,מיליליטרים,1000.00,"100 מ""ל",false,,16.20,0.0162,true,1,1443404
7290110116552,false,ספרייט לימון היט 1.5 ליטר LIME פיקדון,החברה המרכזית לייצור משק,,ספרייט למון היט 1.5,מיליליטרים,1500.00,"100 מ""ל",false,,8.90,0.0059,true,1,1442519
7290110320607,true,גבינה יוונית שמנת5%,,,גבינה יוונית שמנת5%,יחידה,0.00,יחידה,false,,0.00,0.0000,true,1,1423576
7290110320850,false,פתיתים גבינה חצי קשה מגורדת 28% שומן,תנובה מרכז שיתופי לש,,גבינת עמק 28% שומן פ,גרמים,200.00,100 גרם,false,,15.90,0.0795,true,1,1411609
7290110321277,false,קוטג' בקטנה 5% תנובה 100 גרם מהדרין,פארייפאבה אגרואינדוס,,קוטג' בקטנה 5%,גרמים,100.00,100 גרם,false,,2.70,0.0270,true,1,1411620
7290110321284,false,קוטג' בקטנה 9% תנובה 100 גרם מהדרין,פארייפאבה אגרואינדוס,,קוטג בקטנה 9%,גרמים,100.00,100 גרם,false,,2.70,0.0270,true,1,1423577
7290110321680,false,יוגורט GO בטעם תות 20 גרם חלבון בגביע,מיוצר עי קונדיטוריית,,יוגורט 2.9% תות גו 2,גרמים,200.00,100 גרם,false,,5.50,0.0275,true,1,1411626
7290110321697,false,יוגורט GO בטעם אפרסק 20 גרם חלבון בגביע,מיוצר עי קונדיטוריית,,יוגורט 2.9% אפרסק גו,גרמים,200.00,100 גרם,false,,5.50,0.0275,true,1,1411627
7290110321703,false,יוגורט עם פירות יער בתוספת חלבוני חלב 2% שומן,מיוצר עי קונדיטוריית,,יוגורט 2.9% פירות יע,גרמים,200.00,100 גרם,false,,5.50,0.0275,true,1,1411628
7290110322014,false,טופו בטעם טבעי תנובה ALTERNATIVE,שוורצקוף& הנקל דיסלד,,טופו טבעי 300 גרם,גרמים,300.00,100 גרם,false,,11.90,0.0397,true,1,1411636
7290110322021,false,"תנובה טופו בזיליקום 300 גר' בד""צ",שוורצקוף& הנקל דיסלד,,טופו בזיליקום 300 גר,גרמים,300.00,100 גרם,false,,11.90,0.0397,true,1,1411637
7290110322946,false,יופלה טיוב יוגורט במרקם חלק בטעם תות בננה כשרות רבנות 348 ג',תנובה חלב,,יוגורט תות ובננה סמו,מיליליטרים,348.00,"100 מ""ל",false,,11.90,0.0342,true,1,1411642
7290110323073,false,"משקה יוגורט יופלה גו תות פטל 250 מ""ל - רבנות",מיוצר עי קונדיטוריית,,משקה יוגורט 1% 20 גר,מיליליטרים,250.00,"100 מ""ל",false,,6.10,0.0244,true,1,1411646
7290110324070,false,גבינת חלומי מחלב בקר תנובה 200 גרם,"תנובה בע""\מ",,גבינת חלומי מחלב בקר,גרמים,200.00,100 גרם,false,,19.90,0.0995,true,1,1435789
7290110324551,false,יופלה טיוב יוגורט במרקם חלק תות כשרות מהדרין,"תנובה בע""\מ",,יוגורט טיוב תות סמוט,מיליליטרים,348.00,"100 מ""ל",false,,11.90,0.0342,true,1,1411679
7290110324872,false,גבינה צהובה גלבוע 5% שומן 200 גרם,גלבוע - תנובה,,פרוסות גבינה חצי קשה,גרמים,200.00,100 גרם,false,,17.90,0.0895,true,1,1421939
7290110324889,true,מאגדת יופלה יוגורט ב,,,מאגדת יופלה יוגורט ב,יחידה,0.00,יחידה,false,,12.90,0.0000,true,1,1423877
7290110324896,true,מאגדת יופלה יוגורט ב,,,מאגדת יופלה יוגורט ב,יחידה,0.00,יחידה,false,,12.90,0.0000,true,1,1423878
7290110324926,false,משקה סויה ללא תוספת סוכר E אלטרנטיב,תנובה מרכז שיתופי לש,,משקה סויה ללא תוספת,מיליליטרים,1000.00,"100 מ""ל",false,,10.90,0.0109,true,1,1411696
7290110325114,false,"משקה יוגורט יופלה גו לייט תות בננה 250 מ""ל - רבנות",מיוצר עי קונדיטוריית,,משקה יוגורט 0.6% מוע,מיליליטרים,250.00,"100 מ""ל",false,,5.90,0.0236,true,1,1411699
7290110325305,false,יופלה GO סויה 20 גרם חלבון במתיקות מעודנת תנובה 200 גרם,מיוצר עי קונדיטוריית,,מעדן סויה גו מועשר ב,גרמים,200.00,100 גרם,false,,5.70,0.0285,true,1,1423879
7290110325312,false,יופלה GO סויה 20 גרם חלבון בטעם תות תנובה 200 גרם,"תנובה בע""\מ",,מעדן סויה גו מועשר ת,גרמים,200.00,100 גרם,false,,5.70,0.0285,true,1,1423880
7290110325619,false,משקה שיבולת שועל תנובה E אלטרנטיב,מיוצר עי קונדיטוריית,,משקה שיבולת שועל 1 ל,מיליליטרים,1000.00,"100 מ""ל",false,,12.90,0.0129,true,1,1432409
7290110325893,false,משקה חלב GO מועשר בחלבון בטעם אייס קפה,מיוצר עי קונדיטוריית,,תנובה GO אייס קפה 34,מיליליטרים,340.00,"100 מ""ל",false,,7.70,0.0226,true,1,1435072
7290110326333,false,פרוסות גבינה סקנדינבית תנובה 170 גרם,פ.פ.ח. שאביט,,פרוסות גבינה סקנדינב,גרמים,170.00,100 גרם,false,,17.90,0.1053,true,1,1433876
7290110326982,false,משקה YOLO חלב עם שוקולד קלאסי 1 ליטר,תנובה מרכז שיתופי לש,,משקה חלב עם שוקולד ק,מיליליטרים,1000.00,"100 מ""ל",false,,12.90,0.0129,true,1,1433793
7290110326999,false,"משקאות חלב+שוקולד קלאסי 340 מ""ל YOLO בקבוק.",תנובה חלב,,משקה חלב עם שוקולד ק,מיליליטרים,340.00,"100 מ""ל",false,,8.90,0.0262,true,1,1432491
7290110327033,false,משקה סויה גו מועשר בחלבון במתיקות מופחתת 1 ליטר,מיוצר עי קונדיטוריית,,משקה סויה מועשר בחלב,מיליליטרים,1000.00,"100 מ""ל",false,,12.90,0.0129,true,1,1433849
7290110327514,false,alternative משקה שיבולת שועל בטעם אגוזי לוז תנובה 1 ליטר,תנובה מרכז שיתופי לש,,משקה שיבולת שועל אגו,מיליליטרים,1000.00,"100 מ""ל",false,,12.90,0.0129,true,1,1437740
7290110327545,false,יופלה און טופ בטעם תות בתוספת פצפוצים מצופים שוקולד 157 גרם,מיוצר עי קונדיטוריית,,יוגורט יופלה און טופ,גרמים,157.00,100 גרם,false,,5.00,0.0318,true,1,1439931
7290110327804,false,חטיף חלבון GO - עוגיות 60 ג' חלב נוכרי - רבנות,"בלמונט קונפקציות בע""\מ.",,תנובה חטיף חלבון GO,גרמים,60.00,100 גרם,false,,11.90,0.1983,true,1,1442291
7290110328504,false,טריו - מיקס גבינות מוצרלה סקנדינבית וגאודה 300 גרם,מיוצר עי קונדיטוריית,,טריו פתיתים מוצרלה ס,גרמים,300.00,100 גרם,false,,25.90,0.0863,true,1,1435803
7290110328627,false,יוגורט יופלה GO במרקם סמיך בטעם בננה קרמל 0%,מיוצר עי קונדיטוריית,,יוגורט גו סמיך בננה,גרמים,200.00,100 גרם,false,,5.50,0.0275,true,1,1438333
7290110328764,false,יוגורט יופלה GO במרקם סמיך עם תות 0%,מיוצר עי קונדיטוריית,,יוגורט גו סמיך תות י,גרמים,200.00,100 גרם,false,,5.50,0.0275,true,1,1438334
7290110328771,false,יוגורט יופלה GO במרקם סמיך עם פירות יער 0%,מיוצר עי קונדיטוריית,,יוגורט גו סמיך 0% פי,גרמים,200.00,100 גרם,false,,5.50,0.0275,true,1,1438335
7290110328788,false,יוגורט יופלה GO במרקם סמיך בטעם אפרסק 0%,תנובה מרכז שיתופי לש,,יוגורט גו סמיך אפרסק,גרמים,200.00,100 גרם,false,,5.50,0.0275,true,1,1438336
7290110329136,false,מעדן חלב מעושר בחלבון בטעם שוקולד 120 ג' GO,תנובה מרכז שיתופי לש,,מעדן חלב גו בטעם שוק,גרמים,120.00,100 גרם,false,,4.90,0.0408,true,1,1438510
7290110329143,false,מעדן חלב מעושר בחלבון בטעם וניל גביע 120 ג' GO,תנובה מרכז שיתופי לש,,מעדן חלב גו בטעם וני,גרמים,120.00,100 גרם,false,,4.90,0.0408,true,1,1438511
7290110329723,false,משקה חלב קר בטעם לאטה 230 גרם תנובה,תנובה מרכז שיתופי לש,,משקה קפה קר בטעם לאט,גרמים,230.00,100 גרם,false,,6.90,0.0300,true,1,1440674
7290110329792,false,יוגורט סויה BIO Alternative אפרסק 150 ג' תנובה,מיוצר עי קונדיטוריית,,מעדן סויה ביו אפרסק,גרמים,150.00,100 גרם,false,,4.50,0.0300,true,1,1439153
7290110329808,false,יוגורט סויה BIO Alternative תות 150 ג' תנובה,מיוצר עי קונדיטוריית,,מעדן סויה ביו תות אל,גרמים,150.00,100 גרם,false,,4.50,0.0300,true,1,1439149
7290110329815,false,סויה BIO מתיקות מעודנת גביע 150 גרם אלטרנטיב,מיוצר עי קונדיטוריית,,מעדן סויה ביו מתיקות,גרמים,150.00,100 גרם,false,,4.50,0.0300,true,1,1439148
7290110329822,false,יוגורט סויה BIO Alternative פירות יער 150 ג' תנובה,מיוצר עי קונדיטוריית,,מעדן סויה ביו פירות,גרמים,150.00,100 גרם,false,,4.50,0.0300,true,1,1439147
7290110329846,false,יוגורט סויה BIO Alternative בטעם טבעי 150 ג' תנובה,מיוצר עי קונדיטוריית,,מעדן סויה ביו טבעי א,גרמים,150.00,100 גרם,false,,4.50,0.0300,true,1,1439154
7290110329914,false,מאגדת משקה שיבולת שועל ושקדים 100 גרם*6 יח' ביו אלטרנטיב,תנובה מרכז שיתופי לש,,מאגדת משקה שיבולת שו,גרמים,600.00,100 גרם,false,,17.90,0.0298,true,1,1441144
7290110476403,false,ארבע סוללות אלקליין,,,ארבע סוללות אלקליין,יחידה,1.00,יחידה,false,,6.90,6.9000,true,1,1439800
7290110476410,false,ארבע סוללות אלקליין,,,ארבע סוללות אלקליין,יחידה,1.00,יחידה,false,,6.90,6.9000,true,1,1439801
7290110550370,false,פריכיות משולשות קינואה ופלפל שחור 65 גרם,שטראוס גרופ,,משולשות קינואה ופלפל,גרמים,65.00,100 גרם,false,,9.90,0.1523,true,1,1442217
7290110552220,false,יוגורט PRO בטעם תות 0% סוכר לבן 20 גרם חלבון בגביע,"שטראוס בריאות בע""\מ",,דנונה פרו 20 גרם ללא,גרמים,200.00,100 גרם,false,,5.90,0.0295,true,1,1439258
7290110553098,false,מאגדת חטיפים אנרג'י מיקס צימוקים אגוזים 100X4 גרם,אנרג'י Energy - שטראוס,,אנרג'י מיקס צימוקים,גרמים,100.00,100 גרם,false,,15.90,0.1590,true,1,1441655
7290110553210,false,בוטנים הוט באפלו ווינגס סבבה עלית 50 גר,STRAUSS-ISRAEL,,סבבה בוטנים הוט באפל,גרמים,50.00,100 גרם,false,,2.90,0.0580,true,1,1441236
7290110554118,false,נודלס מלזי חריף עם טופו וירקות ברוטב קארי ירוק,"טרופיקל דגיל בע""מ אז",,ארוחת נודלס מלזי חרי,גרמים,350.00,100 גרם,false,,26.90,0.0769,true,1,1438206
7290110554422,false,פומודורו רוטב עגבניות ופלפלים לשקשוקה לפסטה יד מרדכי 350 גרם,אמיליאנה קונסרב סוסייטה,,רוטב עגבניות ופלפלים,גרמים,350.00,100 גרם,false,,11.90,0.0340,true,1,1439489
7290110554460,false,ציטוס קראנץ צ'דר חלפיניו 65 ג' עלית,עלית,,ציטוס קראנץ צ'דר חלפ,גרמים,65.00,100 גרם,false,,3.50,0.0538,true,1,1440837
7290110554583,false,מארז חטיפי צ'יטוס פאפס בטעם גבינה - 10 יחידות,"שטראוס פריטו ליי בע""\מ )",,מארז ציטוס פאפ גבינה,גרמים,200.00,100 גרם,false,,12.90,0.0645,true,1,1439065
7290110555665,false,קקאו דל שומן עלית בקופסא 220 גרם,"ג'אלוסיס י. בע""\מ",,קקאו דל שומן קופסא ע,גרמים,220.00,100 גרם,false,,18.90,0.0859,true,1,1442546
7290110556242,false,"שוקולד מריר פרווה 100 גר' בד""ץ תוצרת חוץ","שטראוס גרופ בע""מ.",,שוקולד מריר פרווה על,גרמים,100.00,100 גרם,false,,5.50,0.0550,true,1,1442232
7290110557478,false,חומוס גלילי במרקם מעודן 600 גרם,"שטראוס גרופ בע""\מ",,חומוס גלילי אחלה 600,גרמים,600.00,100 גרם,false,,11.90,0.0198,true,1,1440027
7290110557645,false,מאגדת חטיפים אנרג'י מיקס צימוקים חמוציות 100X4 גרם,קונסרב איטליה,,אנרג'י מיקס צימוקים,גרמים,100.00,100 גרם,false,,15.90,0.1590,true,1,1441656
7290110558239,false,"וואו יוגורט עם שכבה בטעם קראק פאי 5.4%, 150 ג דנונה","שטראוס בריאות בע""\מ",,דנונה וואו קראק פאי,גרמים,150.00,100 גרם,false,,4.70,0.0313,true,1,1441746
7290110558253,false,דנונה שייק נונה ריפרש בננה אננס וצ'יה,"שטראוס בריאות בע""\מ",,דנונה ריפרש בננה אננ,גרמים,250.00,100 גרם,false,,5.70,0.0228,true,1,1441021
7290110558284,false,דנונה ביו מולטי שטראוס 200 גרם,"שטראוס בריאות בע""\מ",,דנונה ביו מולטי 200,גרמים,200.00,100 גרם,false,,4.90,0.0245,true,1,1441248
7290110558314,false,דנונה פרו 20 גרם חלבון ללא סוכר פיסטוק 200 גרם,"שטראוס בריאות בע""\מ",,דנונה פרו ללא סוכר פ,גרמים,200.00,100 גרם,false,,5.90,0.0295,true,1,1441747
7290110558666,false,מעדן גבינה בטעם תפוח 88 ג' דניאלה,"שטראוס בריאות בע""\מ",,דניאלה בטעם תפוח 88,גרמים,88.00,100 גרם,false,,4.10,0.0466,true,1,1442461
7290110561352,false,דנונה יוגורט ביו פרוביוטי 3% דל לקטוז 150ג',"שטראוס בריאות בע""\מ",,דנונה דל לקטוז 200 ג,גרמים,200.00,100 גרם,false,,3.50,0.0175,true,1,1405908
7290110563431,false,"משקה קפה קר בסגנון קלאסי 230 מ""ל 1.6% יוטבתה",האי נאם סי או אל.טי.,,משקה קפה קר קלאסי 1.,מיליליטרים,230.00,"100 מ""ל",false,,7.90,0.0343,true,1,1405916
7290110563448,false,"משקה קפה קר בסגנון מעודן 230 מ""ל 1.6% יוטבתה",האי נאם סי או אל.טי.,,משקה קפה קר מעודן 1.,מיליליטרים,230.00,"100 מ""ל",false,,7.90,0.0343,true,1,1405917
7290110563462,false,חלב 2% דל לקטוז בבקבוק יטבתה 1 ליטר.,מחלבת יטבתה,,חלב בבקבוק נטול לקטו,מיליליטרים,1000.00,"100 מ""ל",false,,7.90,0.0079,true,1,1405919
7290110563868,false,אנרגי חטיפי דגנים אגוזים ושוקולד מריר מ6,"שטראוס גרופ בע""\מ",,אנרגי מאג תחתית מריר,גרמים,144.00,100 גרם,false,,11.90,0.0826,true,1,1416679
7290110564360,false,חומוס אחלה הסידרה המובחר 40% טחינה 400 גר',מיוצר עי קונדיטוריית,,חומוס עשיר 40% טחינה,גרמים,400.00,100 גרם,false,,12.90,0.0323,true,1,1405924
7290110564414,false,חומוס אחלה הסידרה המובחר 30% טחינה 600 גר',מיוצר עי קונדיטוריית,,חומוס עשיר 30% טחינה,גרמים,600.00,100 גרם,false,,14.90,0.0248,true,1,1405928
7290110565527,false,יוגורט PRO פרו 1.5% 20 גרם חלבון בגביע,"שטראוס בריאות בע""מ",,יוגורט פרו 20 גרם חל,גרמים,200.00,100 גרם,false,,5.90,0.0295,true,1,1405940
7290110566975,false,דנונה פרו יוגורט 0% תות עשיר בחלבון 200ג',"שטראוס בריאות בע""\מ",,יוגורט דנונה פרו 20,גרמים,200.00,100 גרם,false,,5.90,0.0295,true,1,1405946
7290110568238,false,"קצפת צמחית 21% שומן 250 מ""ל יוטבתה",מחלבת יטבתה,,קצפת צמחית 21% 250 מ,מיליליטרים,250.00,"100 מ""ל",false,,7.90,0.0316,true,1,1405954
7290110568559,false,דוריטוס עלית מארז חמוץ חריף 10 יח' *25 ג',"שטראוס פריטו ליי בע""מ )פ",,דוריטוס חמוץ חריף 10,גרמים,250.00,100 גרם,false,,14.90,0.0596,true,1,1406209
7290110568566,false,דוריטוס גריל עלית מארז 10 יח' *25 ג',"שטראוס פריטו ליי בע""מ )פ",,דוריטוס גריל 10 * 25,גרמים,250.00,100 גרם,false,,14.90,0.0596,true,1,1406210
7290110569884,true,בלונדי עוגיות קרמל 1,,,בלונדי עוגיות קרמל 1,גרמים,0.00,100 גרם,false,,7.40,0.0000,true,1,1416691
7290110571382,false,מעדן חלב בטעם וניל מעושר בחלבון 150 ג' שטראוס,"שטראוס בריאות בע""\מ",,מעדן חלב בטעם וניל מ,גרמים,150.00,100 גרם,false,,4.90,0.0327,true,1,1440031
7290110571405,false,עלית - מיני פינוקיות בגביע פסק זמן 180 גרם,הגביע,,מיני פינוקיות בגביע,גרמים,180.00,100 גרם,false,,10.90,0.0606,true,1,1442549
7290110572969,false,כיף כף פצפצים עקרם לבן 40ג' עלית,שולן צ'\יקולטה גידה סאן.,,כיף כף פצפצים קרם לב,גרמים,40.00,100 גרם,false,,5.00,0.1250,true,1,1441661
7290110576318,false,מאגדת שלישיית שוקולד אגוז לבן 300 ג' עלית,שטראוס,,שוקולד אגוז לבן עלית,גרמים,300.00,100 גרם,false,,24.90,0.0830,true,1,1442223
7290110576356,false,"שוקולד ספלנדיד מריר 64% - חלבי , מפולי קקאו מפרו",קימ'\ס גריפלנן,,ספלנדיד שוקולד מריר,גרמים,100.00,100 גרם,false,,7.90,0.0790,true,1,1441277
7290110576370,false,מארז שלישייה שוקולד מריר חלבי עם אגוזי לוז,שטראוס,,שוקולד אגוז מריר עלי,גרמים,300.00,100 גרם,false,,24.90,0.0830,true,1,1442224
7290110576387,false,מאגדת שלישיית שוקולד אגוז חלב 300 ג' עלית,שטראוס,,שוקולד אגוז חלב עלית,גרמים,300.00,100 גרם,false,,24.90,0.0830,true,1,1442225
7290110576868,false,רבעיית גמדים סלט פירוט * 100 ג' שטראוס,"שטראוס בריאות בע""\מ",,גמדים רביעיית סלט פי,מיליליטרים,400.00,"100 מ""ל",false,,11.40,0.0285,true,1,1442465
7290110577230,false,משקה חלב בטעם פיסטוק בבקבוק יטבתה 1 ליטר,מחלבת יטבתה,,משקה חלב בטעם פיסטוק,מיליליטרים,1000.00,"100 מ""ל",false,,11.90,0.0119,true,1,1442466
7290110577247,false,"יטבתה משקה חלב-פיסטוק בבקבוק 350 מ""ל",שטראוס גרופ,,משקה חלב בטעם פיסטוק,מיליליטרים,350.00,"100 מ""ל",false,,6.20,0.0177,true,1,1442467
7290110630980,true,רעשן פורים,,,רעשן פורים,יחידה,0.00,יחידה,false,,5.00,0.0000,true,1,1412851
7290110631635,true,סלסלה קטנה,,,סלסלה קטנה,יחידה,0.00,יחידה,false,,5.00,0.0000,true,1,1412911
7290110633059,true,סלט פסטה Cff,,,סלט פסטה Cff,יחידה,0.00,יחידה,false,,6.00,0.0000,true,1,1423075
7290110633165,true,לחמניית חביתה fds,,,לחמניית חביתה fds,יחידה,0.00,יחידה,false,,6.00,0.0000,true,1,1423078
7290110633325,true,מיץ אגס תפוח טבעי25,,,מיץ אגס תפוח טבעי25,יחידה,0.00,יחידה,false,,6.00,0.0000,true,1,1423082
7290110633868,true,ספינר 200,,,ספינר 200,יחידה,0.00,יחידה,false,,6.00,0.0000,true,1,1423093
7290110634070,true,סלט עדשים 500 גרםcf,,,סלט עדשים 500 גרםcf,יחידה,0.00,יחידה,false,,12.00,0.0000,true,1,1423094
7290110634377,true,פרנה שקשוקה Cff,,,פרנה שקשוקה Cff,יחידה,0.00,יחידה,false,,6.00,0.0000,true,1,1423105
7290110634391,true,פרנה פלאפל Cff,,,פרנה פלאפל Cff,יחידה,0.00,יחידה,false,,5.00,0.0000,true,1,1423106
7290110634506,true,כריך מרובע טונה Cff,,,כריך מרובע טונה Cff,יחידה,0.00,יחידה,false,,6.00,0.0000,true,1,1423110
7290110634513,true,באגט ארוך סלט טונהf,,,באגט ארוך סלט טונהf,יחידה,0.00,יחידה,false,,12.00,0.0000,true,1,1423111
7290110634537,true,באגט ארוך סביח fds,,,באגט ארוך סביח fds,יחידה,0.00,יחידה,false,,12.00,0.0000,true,1,1423112
7290110634544,true,באגט ארוך אבוקדוfds,,,באגט ארוך אבוקדוfds,יחידה,0.00,יחידה,false,,12.00,0.0000,true,1,1423113
7290110634575,true,באגט ארוך חביתה cff,,,באגט ארוך חביתה fds,יחידה,0.00,יחידה,false,,12.00,0.0000,true,1,1423114
7290110634612,true,לחמנית דגנים סביחfd,,,לחמנית דגנים סביחfd,יחידה,0.00,יחידה,false,,11.00,0.0000,true,1,1423115
7290110634629,true,לחמנית דגנים ביציםf,,,לחמנית דגנים ביציםf,יחידה,0.00,יחידה,false,,11.00,0.0000,true,1,1423116
7290110634643,true,לחמנית דגנים חביתהf,,,לחמנית דגנים חביתהf,יחידה,0.00,יחידה,false,,11.00,0.0000,true,1,1423117
7290110634919,true,בייגל טוסט ג.צהובהc,,,בייגל טוסט ג.צהובהf,יחידה,0.00,יחידה,false,,6.00,0.0000,true,1,1423123
7290110634926,true,בייגל טוסט פסטו fds,,,בייגל טוסט פסטו fds,יחידה,0.00,יחידה,false,,6.00,0.0000,true,1,1423124
7290110635367,true,לחמניית שקשוקה cff,,,לחמניית שקשוקה cff,יחידה,0.00,יחידה,false,,10.00,0.0000,true,1,1423131
7290110635466,true,פסטה פוזילי רוזהcff,,,פסטה פוזילי רוזהcff,יחידה,0.00,יחידה,false,,6.00,0.0000,true,1,1423132
7290110638689,true,פרנה שווארמה cff,,,פרנה שווארמה cff,יחידה,0.00,יחידה,false,,6.00,0.0000,true,1,1423142
7290110638887,true,סלט קוסקוס cff *,,,סלט קוסקוס cff,יחידה,0.00,יחידה,false,,5.00,0.0000,true,1,1423379
7290110638894,true,"פוטטוס תפו""א cff *",,,"פוטטוס תפו""א cff",יחידה,0.00,יחידה,false,,5.00,0.0000,true,1,1423380
7290110638900,true,כריך חביתת ירק cff,,,כריך חביתת ירק cff,יחידה,0.00,יחידה,false,,6.00,0.0000,true,1,1423381
7290110638979,true,כוס 370 מל 12OZ,,,כוס 370 מל 12OZ,יחידה,0.00,יחידה,false,,2999.90,0.0000,true,1,1423447
7290110639259,true,סושי קופיקס פלוסcf +,,,סושי קופיקס פלוסcf +,יחידה,0.00,יחידה,false,,12.00,0.0000,true,1,1423467
7290110639976,true,סלסלה לפלוטים,,,סלסלה לפלוטים,יחידה,0.00,יחידה,false,,2999.90,0.0000,true,1,1410522
7290111345821,false,לילי - נייר טואולט נטורל קר ג'מבו 16 יח',חוגלה קימברלי,,ניייר טואלט לילי קר,יחידה,32.00,יחידה,false,,35.90,1.1219,true,1,1439369
7290111350092,false,מארז מיקס חטיפי מיני לואקר בסט 200 גר,ליימן מותגים,,מארז חטיפי לואקר המי,גרמים,200.00,100 גרם,false,,21.90,0.1095,true,1,1412359
7290111353055,false,"גומי דובי 200 גר' וסטהיים (כש""לפ בית יוסף)",טופגם תעשיות ממתקים,,סוכריות גומי דובונים,גרמים,200.00,100 גרם,false,,10.90,0.0545,true,1,1433164
7290111353123,false,"גומי נחש מסוכר 200 גר' וסטהיים (כש""לפ בית יוסף)",אפגאם תעשיות ממתקים,,סוכריות גומי נחשים ח,גרמים,200.00,100 גרם,false,,10.90,0.0545,true,1,1433165
7290111354335,false,מיני מרשמלו בטעם וניל יוגטה 30 גרם,צ'וקטה,,יוגטה מיני מרשמלו בט,גרמים,30.00,100 גרם,false,,2.50,0.0833,true,1,1439929
7290111560538,true,אסם קמח שמרים עם30%,,,אסם קמח שמרים עם30%,יחידה,0.00,יחידה,false,,0.00,0.0000,true,1,1423344
7290111563492,false,סלטי צבר מטבוחה חריפה מרובע 6*400גרם,סלטי צבר,,מטבוחה חריפה צבר 400,גרמים,400.00,100 גרם,false,,10.90,0.0273,true,1,1407374
7290111564277,false,פריכיות דקות ונימוחות 3 דגנים פיטנס Fitness,פרח תעשיות בעמ,,פריכיות 3 דגנים דקות,גרמים,120.00,100 גרם,false,,10.90,0.0908,true,1,1407376
7290111564291,false,פריכיות דקות ונימוחות 3 דגנים וקינואה פיטנס Fitness,פרח תעשיות בעמ,,פריכיות דקות 3 דגנים,גרמים,120.00,100 גרם,false,,10.90,0.0908,true,1,1407377
7290111564314,true,סלטי צבר כרוב אדום7,,,סלטי צבר כרוב אדום7,יחידה,0.00,יחידה,false,,0.00,0.0000,true,1,1423455
7290111565007,true,אסם עוף אמיתי ר.ט3 .,,,אסם עוף אמיתי ר.ט3 .,יחידה,0.00,יחידה,false,,0.00,0.0000,true,1,1423456
7290111566318,false,שניצל דק מן הצומח בטעם ביתי 700 גרם,עיצובים 2020 (4.8),,טבעול שניצל דק מן הצ,גרמים,564.00,100 גרם,false,,29.90,0.0530,true,1,1407401
7290111566332,false,"נקניקיות וינר מן הצומח 680 גרם ""טבעול""",עיצובים 2020 (4.8),,טבעול נקניקיות וינר,גרמים,680.00,100 גרם,false,,29.90,0.0440,true,1,1407402
7290111566417,false,טבעול טחון מן הצומח משופר 400 גרם,עיצובים 2020 (4.8),,טבעול טחון צמחוני 50,גרמים,500.00,100 גרם,false,,29.90,0.0598,true,1,1407403
7290111568206,false,ביסלי פארטי מיקס אסם 150 גר',פרו מן יו פתרונות אר,,ביסלי פארטי מיקס 150,גרמים,150.00,100 גרם,false,,7.90,0.0527,true,1,1407419
7290111568961,false,אסם בייגלה טבעות מלח 400 גרם,אסם,,אסם בייגלה טבעות מלח,גרמים,400.00,100 גרם,false,,10.90,0.0273,true,1,1407430
7290111662409,false,סכין רטרו לבן- אר' 0,,,סכין רטרו לבן- אר' 0,יחידה,0.00,יחידה,false,,4.90,0.0000,true,1,1421521
7290111739071,false,שלישיית בוקסר (M) לייקרה UMBRO,,,שלישיית בוקסר (M) לי,100 יחידה,1.00,100 יחידה,false,,49.90,49.9000,true,1,1430804
7290111870880,true,סוכריה על מקל 85 גרם,,,סוכריה על מקל 85 גרם,יחידה,0.00,יחידה,false,,5.60,0.0000,true,1,1426456
7290111879173,false,בלון מיילר 34- ספרה,,,בלון מיילר 34- ספרה,יחידה,1.00,יחידה,false,,20.90,20.9000,true,1,1424728
7290111879210,false,בלון מיילר 34- ספרה,,,בלון מיילר 34- ספרה,יחידה,1.00,יחידה,false,,20.90,20.9000,true,1,1431322
7290111879234,true,בלון מיילר 34- ספרה,,,בלון מיילר 34- ספרה,יחידה,0.00,יחידה,false,,20.90,0.0000,true,1,1431328
7290111879265,true,בלון מיילר 34- ספרה,,,בלון מיילר 34- ספרה,יחידה,0.00,יחידה,false,,20.90,0.0000,true,1,1431331
7290111879685,false,נר ספרה בודד זהב נוצ,,,נר ספרה בודד זהב נוצ,יחידה,1.00,יחידה,false,,2.60,2.6000,true,1,1424742
7290111879722,false,נר ספרה בודד זהב נוצ,,,נר ספרה בודד זהב נוצ,יחידה,1.00,יחידה,false,,2.60,2.6000,true,1,1424746
7290111930928,false,חטיף פוף לבבות גריל 40 גרם,פוף POOF,,חטיף תפוח אדמה בטעם,גרמים,40.00,100 גרם,false,,3.90,0.0975,true,1,1414279
7290111930935,false,חטיף פוף טבעות קלאסי 40 גרם,פוף POOF,,חטיף תפוח אדמה בטעם,גרמים,40.00,100 גרם,false,,3.90,0.0975,true,1,1414280
7290111938481,false,"רוטב סויה בהירה מאסטר שף 300 מ""ל",מאסטר שף,,רוטב סויה בהיר מאסטר,מיליליטרים,300.00,"100 מ""ל",false,,9.90,0.0330,true,1,1432250
7290112000385,true,דטול תרסיס למטבח 750,,,דטול תרסיס למטבח 750,יחידה,0.00,יחידה,false,,15.90,0.0000,true,1,1423663
7290112000880,true,דטול מגבונים למטבח 6,,,דטול מגבונים למטבח 6,יחידה,0.00,יחידה,false,,15.90,0.0000,true,1,1423664
7290112190468,false,שמן זית כתית מעולה 7,,,שמן זית כתית מעולה 7,מיליליטרים,750.00,"100 מ""ל",false,,29.90,0.0399,true,1,1440942
7290112197122,false,"סטייל - סבון ידיים ירוק 500 מ""ל חדש",רנקסאן פלסטיק יאנגר,,סבון ידיים ירוק 500,מיליליטרים,500.00,"100 מ""ל",false,,8.90,0.0178,true,1,1441799
7290112197139,false,"סטייל - סבון ידיים אדום 500 מ""ל חדש",רנקסאן פלסטיק יאנגר,,סבון ידיים אדום 500,מיליליטרים,500.00,"100 מ""ל",false,,8.90,0.0178,true,1,1441800
7290112290786,true,לחמניה קמח מלא,,,לחמניה קמח מלא,יחידה,0.00,יחידה,false,,2.00,0.0000,true,1,1415220
7290112290793,true,לחמניה אצבע,,,לחמניה אצבע,יחידה,0.00,יחידה,false,,1.50,0.0000,true,1,1415221
7290112291400,true,כריך כפול פטה-פלפלc,,,כריך כפול פטה-פלפלc,יחידה,0.00,יחידה,false,,12.00,0.0000,true,1,1423579
7290112291424,true,טורטיה מחמוסה cff,,,טורטיה מחמוסה cff,יחידה,0.00,יחידה,false,,10.00,0.0000,true,1,1423580
7290112291431,true,טורטיה מסאחן cff,,,טורטיה מסאחן cff,יחידה,0.00,יחידה,false,,10.00,0.0000,true,1,1423581
7290112291455,true,כריך סלמון כפול cff,,,כריך סלמון כפול cff,יחידה,0.00,יחידה,false,,12.00,0.0000,true,1,1423583
7290112291509,true,תיק סנדוויץ 21*9.5*1,,,תיק סנדוויץ21*9.5*1,יחידה,0.00,יחידה,false,,6.00,0.0000,true,1,1423594
7290112330352,false,"יוגורט PRO בטעם וניל 0% , 20 גרם חלבון בגביע","שטראוס בריאות בע""\מ",,דנונה פרו 20 גר וניל,גרמים,200.00,100 גרם,false,,5.90,0.0295,true,1,1405964
7290112330390,false,דנונה פרו פירות יער 20 גרם חלבון 0% שומן 200 גרם,"שטראוס בריאות בע""\מ",,דנונה פרו 20 גר פירו,גרמים,200.00,100 גרם,false,,5.90,0.0295,true,1,1405966
7290112332691,false,פינוקיות עוגיות קרם פסק זמן אגוזים 200 גרם,"הגביע מוצרי וופלים בע""\מ",,פינוקיות קרם פסק זמן,גרמים,200.00,100 גרם,false,,9.90,0.0495,true,1,1416699
7290112336637,false,סוכריות מאסט Must ללא סוכר יוגורט תות ואוכניות,שטראוס גרופ,,"סוכריות לל""ס יוגורט",גרמים,80.00,100 גרם,false,,7.90,0.0988,true,1,1429873
7290112336644,false,סוכריות מאסט ללא סוכר לימון 80 ג' עלית,שטראוס גרופ,,"סוכריות לל""ס לימון 8",גרמים,80.00,100 גרם,false,,7.90,0.0988,true,1,1430717
7290112336651,false,סוכריות מאסט ללא סוכר ריבת חלב 80 ג' עלית,שטראוס גרופ,,"סוכריות לל""ס ריבת חל",גרמים,80.00,100 גרם,false,,7.90,0.0988,true,1,1430718
7290112336712,false,יוגורט PRO לבן 0% 21 גרם חלבון בגביע,"שטראוס בריאות בע""מ",,דנונה פרו 21 גר 0% ש,גרמים,200.00,100 גרם,false,,5.90,0.0295,true,1,1405986
7290112337474,false,סוכריות מאסט ללא סוכר פטל לימון 80 ג' עלית,שטראוס גרופ,,"סוכריות לל""ס פטל לימ",גרמים,80.00,100 גרם,false,,7.90,0.0988,true,1,1429874
7290112337481,false,סוכריות מאסט ללא סוכר קפצ''ינו 80 ג' עלית,שטראוס גרופ,,"סוכריות לל""ס קפוצינו",גרמים,80.00,100 גרם,false,,7.90,0.0988,true,1,1429872
7290112338655,true,קפסולות בטעם מלבי,,,קפסולות בטעם מלבי,יחידה,0.00,יחידה,false,,18.00,0.0000,true,1,1424915
7290112338877,false,מעדן גבינה בטעם תות 3% 125ג' סקי,"שטראוס בריאות בע""\מ",,סקי תות 125 גרם,גרמים,125.00,100 גרם,false,,3.70,0.0296,true,1,1405988
7290112339171,false,מילקי מוס עם שוקולד וקצפת,מיוצר עי קונדיטוריית,,מילקי מוס עם שוקולד,גרמים,81.00,100 גרם,false,,3.30,0.0407,true,1,1405994
7290112339867,false,גמדים לדרך גבינה לבנה עם מחית תות,"שטראוס בריאות בע""\מ",,גמדים סקוויז בודד תו,גרמים,100.00,100 גרם,false,,5.40,0.0540,true,1,1406006
7290112339874,false,גמדים לדרך גבינה לבנה עם מחיות תות ובננה,"שטראוס בריאות בע""\מ",,גמדים סקוויז בודד תו,גרמים,100.00,100 גרם,false,,5.40,0.0540,true,1,1406007
7290112340122,false,הפריכיות הטעימות 3 דגנים אנרג'י 135 גרם,"פרח תעשיות מזון בע""\מ",,פריכיות 3 דגנים אנרג,גרמים,135.00,100 גרם,false,,10.90,0.0807,true,1,1433111
7290112340245,false,צנצנת מסטיק מאסט בטעם דובדבן 66 ג' עלית,"שטראוס גרופ בע""\מ",,צנצנת MUST בטעם דובד,גרמים,66.00,100 גרם,false,,9.90,0.1500,true,1,1406009
7290112340252,false,צנצנת מסטיק מאסט בטעם אבטיח מלון 66 ג' עלית,"שטראוס גרופ בע""\מ",,צנצנת מאסט בטעם אבטי,גרמים,66.00,100 גרם,false,,9.90,0.1500,true,1,1406010
7290112340276,false,פינוקיות עוגיות קרם קפה 200 גרם,"הגביע מוצרי וופלים בע""\מ",,פינוקיות קרם קפה נמס,גרמים,200.00,100 גרם,false,,9.90,0.0495,true,1,1416708
7290112340900,false,קפה טורקי האג נטול קפאין 200 גרם,הנסיך- מפעל לייצור ט,,קפה טורקי האג 200 גר,גרמים,200.00,100 גרם,false,,24.90,0.1245,true,1,1432736
7290112341679,false,דנונה אקטיביה 3% שומן 200 גרם,מיוצר עי קונדיטוריית,,יוגורט פרוביוטי 3% א,גרמים,200.00,100 גרם,false,,3.70,0.0185,true,1,1406015
7290112341686,false,שמינייה יוגורט לבן אקטיביה 3% דנונה 150 גרם.,מיוצר עי קונדיטוריית,,מארז אקטיביה 3% 150,גרמים,1.20,100 גרם,false,,19.90,16.5833,true,1,1422631
7290112342102,false,סימפוניה גבינה במרקם שמנת בצל מקורמל 5%,"שטראוס בריאות בע""\מ",,סימפוניה בצל מקורמל,גרמים,200.00,100 גרם,false,,10.40,0.0520,true,1,1422635
7290112342515,false,דוריטוס צ'יזי טוויסט 55 גרם,STRAUSS-ISRAEL,,דוריטוס קול ראנצ' 55,גרמים,55.00,100 גרם,false,,3.50,0.0636,true,1,1406226
7290112343260,false,"יטבתה רוטב שמנת קלאסי 9% שומן 260 מ""ל",שטראוס גרופ,,רוטב שמנת קלאסי 260,גרמים,260.00,100 גרם,false,,9.80,0.0377,true,1,1421003
7290112343420,false,"משקה חלב עם דגנים מלאים ובננה פרו יטבתה 350מ""ל",מחלבת יטבתה,,יטבתה פרו ארוחת בוקר,מיליליטרים,350.00,"100 מ""ל",false,,6.90,0.0197,true,1,1420775
7290112343499,false,חטיף צ'יטוס פאפס אפוי בטעם גבינה,"שטראוס פריטו ליי בע""\מ )",,צ'יטוס פאפס 55 גרם,גרמים,55.00,100 גרם,false,,3.10,0.0564,true,1,1437894
7290112344724,false,מעדן בטעם שוקולד בלונדי 170 ג' מילקי,מיוצר עי קונדיטוריית,,מילקי בטעם שוקולד בל,גרמים,170.00,100 גרם,false,,3.30,0.0194,true,1,1420777
7290112344755,false,מילקי שוקולד 26% פחות סוכר 135 גרם,מיוצר עי קונדיטוריית,,מילקי עם 26% פחות סו,גרמים,133.00,100 גרם,false,,2.70,0.0203,true,1,1434051
7290112346360,false,בפלות אחת אחת בציפוי שוקולד חלב עלית 180 גרם,הגביע מוצרי וופלים ב,,בפלות אחת אחת בציפוי,גרמים,180.00,100 גרם,false,,12.90,0.0717,true,1,1429205
7290112346537,false,עוגיות פינוקיות בטעם טורטית 200 ג' עלית,"הגביע מוצרי ופלים בע""\מ",,פינוקיות בטעם טורטית,גרמים,200.00,100 גרם,false,,9.90,0.0495,true,1,1442107
7290112346797,false,יוגורט אקטיביה שיבולת שועל ושזיף 150 גרם,מיוצר עי קונדיטוריית,,אקטיביה עם שיבולת שו,גרמים,150.00,100 גרם,false,,4.60,0.0307,true,1,1429029
7290112346827,false,שמיניית אקטימל ויטמין C פטל 108 גרם,"שטראוס בריאות בע""\מ",,אקטימל ויטמין C פטל,מיליליטרים,864.00,"100 מ""ל",false,,20.90,0.0242,true,1,1433725
7290112347008,false,גמדים לדרך גבינה לבנה עם מחית תות ושיבולת שועל,מיוצר עי קונדיטוריית,,גמדים ארוחת בוקר תות,גרמים,100.00,100 גרם,false,,5.40,0.0540,true,1,1420784
7290112348616,false,עלית - קפה נמס אגוזי לוז 100 גרם,שטראוס קפה בי.וי,,קפה נמס אגוזי לוז על,גרמים,100.00,100 גרם,false,,13.90,0.1390,true,1,1433236
7290112349606,false,מעדן גבינה ויוגורט תות בננה 88 ג' דניאלה,"שטראוס בריאות בע""\מ",,דניאלה תות בננה 88 ג,גרמים,88.00,100 גרם,false,,3.90,0.0443,true,1,1439265
7290112349736,false,בזיליקום רוטב עגבניות לפסטה יד מרדכי 350 גרם,אמיליאנה קונסרב סוסייטה,,בזיליקום רוטב עגבניו,גרמים,350.00,100 גרם,false,,10.90,0.0311,true,1,1427745
7290112351258,false,עוגיית קקאו פינוקיות שחור לבן 200 גר,"הגביע מוצרי ופלים בע""\מ",,פינוקיות שחור לבן 20,גרמים,200.00,100 גרם,false,,9.90,0.0495,true,1,1432737
7290112353887,false,"משקה קפה קר בטעם אגוזים יטבתה 230 מ""ל",האי נאם סי או אל.טי.,,משקה קפה קר בטעם אגו,מיליליטרים,230.00,"100 מ""ל",false,,7.90,0.0343,true,1,1432082
7290112354174,false,"פסטה רוזה 280 ג""ר ""דלישס"" שטראוס",גסטרונומיה פרוסט אס. אר.,,פסטה רוזה 280 גרם,גרמים,280.00,100 גרם,false,,21.90,0.0782,true,1,1438207
7290112354211,false,"פיצה מרגריטה""דלישס"" שטראוס",סקרלינפיצה אס. אר. אל. א,,פיצה מרגריטה 400 גרם,גרמים,400.00,100 גרם,false,,25.90,0.0647,true,1,1438209
7290112354235,false,ברקטה פיצה - 2 יחידות במארז,סקרלינפיצה אס. אר. אל. א,,ברקטה פיצה 300 גרם,גרמים,300.00,100 גרם,false,,25.90,0.0863,true,1,1438211
7290112354242,false,"קונוס פיצה ""דלישס"" שטראוס",סקרלינפיצה אס. אר. אל. א,,קונוס פיצה 280 גרם,גרמים,280.00,100 גרם,false,,25.90,0.0925,true,1,1438212
7290112355102,false,גמדים סקוויז 100 גרם פאוץ סלט פירות 100 גרם,"שטראוס בריאות בע""\מ",,גמדים פאוץ סלט פירות,גרמים,100.00,100 גרם,false,,5.40,0.0540,true,1,1434627
7290112355812,false,מילקי טופ קורנפלקס 141 ג' שטראוס,"שטראוס גרופ בע""\מ",,מילקי טופ קורנפלקס 1,גרמים,141.00,100 גרם,false,,4.50,0.0319,true,1,1441023
7290112357083,false,טעם הטבע אפונה ירוקה 380 גרם קופסה,הדקלאים אגודת שיתופי,,אפונה ירוקה מבושלת ט,גרמים,380.00,100 גרם,false,,6.80,0.0179,true,1,1430747
7290112358004,false,חטיף פסק זמן קראנץ' 32 גרם,שולן צ'\יקולטה גידה סאן.,,פסק זמן קראנץ' 32 גר,גרמים,32.00,100 גרם,false,,4.90,0.1531,true,1,1433941
7290112358127,false,דנונה פרו חלבון+מגנזיום- וניל ועוגיות 200 גרם,מיוצר עי קונדיטוריית,,דנונה פרו 20 גר' עם,גרמים,200.00,100 גרם,false,,6.50,0.0325,true,1,1433727
7290112358219,false,רוטב צ'ילי מתוק יד מרדכי 300 גרם,אף.סי תבליני בגליל ב,,רוטב צ'ילי מתוק 300,גרמים,300.00,100 גרם,false,,11.90,0.0397,true,1,1432718
7290112386779,true,אוזניהWireles DUET-,,,אוזניהWireles DUET-,יחידה,0.00,יחידה,false,,399.90,0.0000,true,1,1423610
7290112490117,false,קליק אקסטרא לארג שוקולד חלב עם וופל ואגוזים,יוניליוור ישראל מזון בעמ,,קליק XL שוקולד חלב ע,גרמים,85.00,100 גרם,false,,5.30,0.0624,true,1,1409839
7290112490209,false,נמס בכוס מרק עגבניות עם קרוטונים רכיבים טבעיים,יוניליוור ישראל מזון בעמ,,נמס בכוס מרק עגבניות,גרמים,56.00,100 גרם,false,,5.90,0.1054,true,1,1409841
7290112490216,false,מרק נמס בכוס בטעם עוף קנור 100% רכיבים טבעיים,יוניליוור ישראל מזון בעמ,,נמס בכוס מרק בטעם עו,גרמים,48.00,100 גרם,false,,5.90,0.1229,true,1,1409842
7290112490698,false,קונפיטורה תות שדה לייט 300 גרם-צנצנת,יוניליוור מזון,,קונפיטורת תות שדה לי,גרמים,260.00,100 גרם,false,,11.90,0.0458,true,1,1409850
7290112490728,false,מרק עשיר ירקות עם בורגול רכיבים טבעיים 95 ג' קנור,יוניליוור ישראל מזון בעמ,,מרק ירקות עם בורגול,גרמים,95.00,100 גרם,false,,11.90,0.1253,true,1,1409852
7290112490742,false,מרק עשיר פטריות עם גריסים רכיבים טבעיים 104 ג' קנור,יוניליוור ישראל מזון בע\,,מרק פטריות עם גריסים,גרמים,104.00,100 גרם,false,,11.90,0.1144,true,1,1409854
7290112490759,false,מרק עשיר עוף עם אטריות רכיבים טבעיים 74 ג' קנור,יוניליוור ישראל מזון בעמ,,מרק עוף עם אטריות קנ,גרמים,74.00,100 גרם,false,,11.90,0.1608,true,1,1409855
7290112490896,false,"קנור רוטב צ'ילי חריף 370 מ""ל PAL",יוניליוור מזון,,רוטב צ'ילי חריף קנור,מיליליטרים,370.00,"100 מ""ל",false,,9.90,0.0268,true,1,1409862
7290112492449,false,פינוק שמפו שיער רגיל 700 מל-חדש,יוניליוור ישראל טיפוח אי,,פינוק שמפו שיער רגיל,גרמים,700.00,100 גרם,false,,11.90,0.0170,true,1,1428947
7290112492456,false,"שמפו פינוק לשיער יבש/פגום 700 מ""ל",יוניליוור ישראל טיפוח אי,,פינוק שמפו שיער יבש,גרמים,700.00,100 גרם,false,,11.90,0.0170,true,1,1429279
7290112492609,false,"תחליב רחצה פינוק 700 מ""ל לבנדר ווניל",יוניליוור ישראל טיפוח אי,,פינוק תח.רחצה לבנדר,מיליליטרים,700.00,"100 מ""ל",false,,11.90,0.0170,true,1,1428949
7290112492722,false,"2ב-1 שמפו ומרכך פינוק אל דמע לסירוק קל לילדים 700 מ""ל",יוניליוור ישראל טיפוח אי,,פינוק שמפו ומרכך 2 ב,מיליליטרים,700.00,"100 מ""ל",false,,13.90,0.0199,true,1,1432649
7290112492821,false,מטליות לחות לניקוי כללי בניחוח מאסק,עלבד משואות יצחק בעמ,,סיף מגבונים כללי מאס,יחידה,50.00,יחידה,false,,10.90,0.2180,true,1,1423792
7290112492999,false,קנור מרק עוף אמיתי 400 גרם פרווה,יוניליוור ישראל מזון בע\,,אבקת מרק בטעם עוף פר,גרמים,400.00,100 גרם,false,,11.90,0.0298,true,1,1409887
7290112493088,false,נמס בכוס עדשים מרק רכיבים טבעיים קנור 54 ג',אתר חיפה אבקות - Foo,,מרק עדשים קנור 2 * 2,גרמים,54.00,100 גרם,false,,6.90,0.1278,true,1,1409890
7290112493095,false,נמס בכוס מרק עגבניות חריף רכיבים טבעיים קנור 48 ג',אתר חיפה אבקות - Foo,,נמס בכוס מרק עגבניות,גרמים,48.00,100 גרם,false,,6.90,0.1438,true,1,1409891
7290112493132,true,מאגדת פתית פרכיות וק,,,מאגדת פתית פרכיות וק,יחידה,0.00,יחידה,false,,14.90,0.0000,true,1,1425856
7290112493316,false,מרק היום אפונה ר.טבעיים קנור 117 גרם,יוניליוור ישראל מזון בעמ,,מרק אפונה קנור 117 ג,גרמים,117.00,100 גרם,false,,11.90,0.1017,true,1,1409900
7290112493934,false,גלידת וניל צרפתי קרמיסימו 1.33 ל,"גלידת שטראוס בע""\מ, רחוב",,גלידת קרמיסימו 1.33,מיליליטרים,1330.00,"100 מ""ל",false,,17.90,0.0135,true,1,1429165
7290112494016,false,"מיונז אמיתי מופחת שומן תלמה 500 גרם בד""צ",יוניליוור ישראל מזון בעמ,,מיונז תלמה מופחת שומ,גרמים,500.00,100 גרם,false,,9.90,0.0198,true,1,1409902
7290112494221,false,קליק - ביסקויט תפזורת 65 גרם,יוניליוור ישראל מזון בע\,,קליק ביסקויט יוניליו,גרמים,65.00,100 גרם,false,,5.90,0.0908,true,1,1409906
7290112494238,false,קליק - כדורים חלב תפזורת 65 גרם,יוניליוור ישראל מזון בע\,,קליק כדורים חלב תפזו,גרמים,65.00,100 גרם,false,,5.90,0.0908,true,1,1409907
7290112494429,true,תלמה ברנפלקס קרנצ'ים,,,תלמה ברנפלקס קרנצ'ים,יחידה,0.00,יחידה,false,,31.90,0.0000,true,1,1423794
7290112494795,false,בדין-ג'ל לכביסה לבנה וצבעונית בניחוח עדין כחול 2.5 ליטר,"זוהר דליה, קיבוץ דליה, 1",,ג'ל לכביסה לבנה וצבע,מיליליטרים,2500.00,"100 מ""ל",false,,27.90,0.0112,true,1,1409918
7290112494986,true,קנור רוטב לקציצות 31,,,קנור רוטב לקציצות 31,יחידה,0.00,יחידה,false,,10.90,0.0000,true,1,1430888
7290112494993,false,דגני בוקר וניל 686ג' כריות,"יוניליוור שפע ישראל בע""\",,כריות וניל 686 גרם,גרמים,686.00,100 גרם,false,,23.90,0.0348,true,1,1409921
7290112495020,false,כריות צוקולדה בדצ מאוחד 750 גר,"יוניליוור ישראל מזון בע""",,כריות צ'וקולדה 686 ג,גרמים,686.00,100 גרם,false,,23.90,0.0348,true,1,1409923
7290112495105,false,נשנושים טעם שמנת בצל בייגל בייגל 260 גרם,בייגל את בייגל מזון 198),,נשנושים שמנת בצל 260,גרמים,260.00,100 גרם,false,,11.90,0.0458,true,1,1409925
7290112495228,false,קורנפלקס דבש תלמה אלופים 448 גרם,"יוניליוור שפע ישראל בע""\",,קורנפלקס דבש 448 גרם,גרמים,448.00,100 גרם,false,,16.90,0.0377,true,1,1409927
7290112495242,false,קורנפלקס מייפל תלמה 448 גר'.,"יוניליוור שפע ישראל בע""\",,קורנפלקס מייפל תלמה,גרמים,448.00,100 גרם,false,,22.90,0.0511,true,1,1420799
7290112495433,false,דגני דליפקאן תוספת אגוזי פקאן ושקדים 400 גר,"יוניליור שפע ישראל בע""\מ",,דליפקאן 400 גרם,גרמים,400.00,100 גרם,false,,19.90,0.0497,true,1,1409929
7290112495754,false,"רטבי הלמנס לסלט 300 מ""ל אלף האיים",יוניליוור ישראל מזון בעמ,,הלמנס לסלט אלף האיים,מיליליטרים,305.00,"100 מ""ל",false,,9.90,0.0325,true,1,1428045
7290112495822,false,כריות BLACK בטעם שוקולד וניל תלמה 686 גרם,"יוניליוור שפע ישראל בע""\",,כריות בלאק 686 גרם,גרמים,686.00,100 גרם,false,,23.90,0.0348,true,1,1420800
7290112496331,false,קורנפלקס בננה תלמה אלופים 448 גרם,"יוניליוור שפע ישראל בע""\",,קורנפלקס בננה תלמה 4,גרמים,448.00,100 גרם,false,,16.90,0.0377,true,1,1436780
7290112496447,false,נמס בכוס אקסטרה טעם עוף עם המון אטריות 27ג',יוניליוור ישראל מזון בע\,,נמס בכוס אקסטרה עוף,גרמים,28.00,100 גרם,false,,4.90,0.1750,true,1,1439946
7290112496461,false,נמס בכוס אקסטרה מרק ירקות עם המון אטריות,יוניליוור ישראל מזון בע\,,נמס בכוס אקסטרה ירקו,גרמים,32.00,100 גרם,false,,4.90,0.1531,true,1,1438157
7290112496584,false,קליק כריות Black מצופה שוקולד לבן ועוגיות,"דרך השוקולד 1, צפת 1",,קליק כריות בלאק לבן,גרמים,65.00,100 גרם,false,,5.90,0.0908,true,1,1432651
7290112497000,false,פנטסטיק תרכיז ניקוי רב תכליתי בניחוח לימון,"זוהר דליה, קיבוץ דלי",,סיף ניקוי כללי לימון,מיליליטרים,1000.00,"100 מ""ל",false,,10.40,0.0104,true,1,1430750
7290112497123,false,סחלב תערובת להכנת מעדן בטעם סחלב 112גרם,יוניליוור ישראל מזון בע\,,אבקה להכנת סחלב תלמה,גרמים,112.00,100 גרם,false,,12.90,0.1152,true,1,1434565
7290112498922,false,מאגדת מיני מגנום לבן שטראוס 250 גרם,"מיוצר ע""\י גלידת שטראוס",,מאגדת מיני מגנום שוק,גרמים,250.00,100 גרם,false,,24.90,0.0996,true,1,1435635
7290112499097,false,מאגדת מיני מגנום מריר Intense Dark! 240 גרם,"מיוצר ע""\י גלידת שטראוס",,מאגדת מיני מגנום מרי,יחידה,5.00,יחידה,false,,25.90,5.1800,true,1,1439663
7290112499189,false,"גלידת קרמיסימו חד קרן וניל תות, 1.33 ליטר","גלידת שטראוס בע""\מ, רחוב",,קרמיסימו חד קרן וניל,מיליליטרים,1330.00,"100 מ""ל",false,,17.90,0.0135,true,1,1441159
7290112499486,false,"פינוק - מרכך בתוספת קרטין 700 מ""ל",יוניליוור ישראל טיפוח אי,,פינוק מרכך קרטין 700,מיליליטרים,700.00,"100 מ""ל",false,,11.90,0.0170,true,1,1436075
7290112499639,false,טילון סופר מגנום וניל צ'יפ שוקולד 110 גרם,"מיוצר ע""\י גלידת שטראוס",,טילון סופר מגנום וני,יחידה,1.00,יחידה,false,,9.90,9.9000,true,1,1427834
7290112499929,false,מגנום שוקולד אימפלס פסח 120מל,"מיוצר ע""\י גלידת שטראוס",,מגנום שוקולד,יחידה,1.00,יחידה,false,,9.90,9.9000,true,1,1427838
7290112499943,false,מיני מאגדת מיני מגנום טעמים שונים וניל+שוקו,"גלידות שטראוס בע""\מ, רח\",,מיני מגנום קלאסיק חו,יחידה,5.00,יחידה,false,,24.90,4.9800,true,1,1427840
7290112700506,false,נר גדול ספרה 2 מנצנץ,,,נר גדול ספרה 2 מנצנץ,יחידה,1.00,יחידה,false,,6.40,6.4000,true,1,1424771
7290112700605,false,נר גדול מנצנץ מעמד ל,,,נר גדול ספרה 5 מנצנץ,יחידה,1.00,יחידה,false,,6.40,6.4000,true,1,1424781
7290112704665,true,סט בלונים 14 לניפוח,,,סט בלונים 14 לניפוח,יחידה,0.00,יחידה,false,,29.90,0.0000,true,1,1424802
7290112704702,true,סט בלונים 14 לניפוח,,,סט בלונים 14 לניפוח,יחידה,0.00,יחידה,false,,29.90,0.0000,true,1,1424806
7290112704801,false,סט בלונים 14 לניפוח,,,סט בלונים 14 לניפוח,יחידה,1.00,יחידה,false,,29.90,29.9000,true,1,1424814
7290112704818,true,סט בלונים 14 לניפוח,,,סט בלונים 14 לניפוח,יחידה,0.00,יחידה,false,,29.90,0.0000,true,1,1424815
7290112962287,false,טבעול שווארמה טבעונית 6*450 גרם,"טבעול תעשיות מזון בע""\מ",,טבעול שווארמה טבעוני,גרמים,450.00,100 גרם,false,,29.90,0.0664,true,1,1433776
7290112964601,false,רוטב בנוסח סצ'ואן הסדרה האסייתית,"אסם השקעות בע""\מ",,רוטב בנוסח סצ'ואן הס,מיליליטרים,290.00,"100 מ""ל",false,,11.90,0.0410,true,1,1421704
7290112965165,false,מרק נמס פטריות אסם בדצ 48 גרם מארז זוגי,"אסם תעשיות בע""מ",,מרק נמס פטריות רגע ח,גרמים,48.00,100 גרם,false,,6.20,0.1292,true,1,1428185
7290112965240,false,מרק נמס בטעם עגבניות זוג * 44 ג' אסם,"אסם תעשיות בע""מ",,מרק נמס עגבניות רגע,גרמים,60.00,100 גרם,false,,6.20,0.1033,true,1,1428186
7290112965288,false,מרק נמס ירקות אסם בדצ 56 גרם מארז זוגי,"אסם תעשיות בע""מ",,מרק נמס ירקות רגע חם,גרמים,56.00,100 גרם,false,,6.20,0.1107,true,1,1432783
7290112965301,false,זוג מרק נמס בטעם עוף עם שקדי מרק רגע חם,"אסם תעשיות בע""מ",,מרק נמס בטעם עוף עם,גרמים,52.00,100 גרם,false,,6.20,0.1192,true,1,1428187
7290112965684,false,פיטנס - חטיף מולטיגריין עשבי תיבול 25 גרם,מיוצר עי קונדיטוריית,,פיטנס חטיף מולטיגריי,גרמים,25.00,100 גרם,false,,4.90,0.1960,true,1,1432785
7290112965707,false,פיטנס - חטיף מולטיגריין צילי מעודן 25 גרם,"אסם השקעות בע""\מ",,פיטנס חטיף מולטיגריי,גרמים,25.00,100 גרם,false,,4.90,0.1960,true,1,1432786
7290112966766,false,טחינה בלאדי חציל עגבניות ושום צבר 350 גרם,שוורצקוף& הנקל דיסלד,,טחינה חציל עגבניות ו,גרמים,350.00,100 גרם,false,,14.90,0.0426,true,1,1420873
7290112968340,false,צבר חומוס גרוס גס גס 400 גרם,שוורצקוף& הנקל דיסלד,,חומוס גרוס גס גס צבר,גרמים,400.00,100 גרם,false,,13.90,0.0348,true,1,1428651
7290112968807,false,פיטנס - קרקר דק סלק 140 גרם,מפעל אסם יקנעם,,פיטנס קרקר THIN סלק,גרמים,140.00,100 גרם,false,,11.90,0.0850,true,1,1435895
7290112968821,false,פיטנס - קרקר דק בטטה 140 גרם,מפעל אסם יקנעם,,פיטנס קרקר THIN בטטה,גרמים,140.00,100 גרם,false,,11.90,0.0850,true,1,1435896
7290113190467,false,אפונה שקית זיפר 1קג רמילוי,,,"אפונה ירוקה 1 ק""ג זי",גרמים,1000.00,100 גרם,false,,7.50,0.0075,true,1,1428471
7290113190474,false,בורגול שקית זיפר 1קג רמילוי,,,"בורגול 1 ק""ג זיפר -",גרמים,1000.00,100 גרם,false,,6.50,0.0065,true,1,1428472
7290113190535,false,כוסמת קלויה שקית זיפר 1קג רמילוי,,,"כוסמת קלויה 1 ק""ג זי",גרמים,1000.00,100 גרם,false,,8.50,0.0085,true,1,1428477
7290113190580,false,עדשים אדומות שקית זיפר 1קג רמילוי,,,"עדשים אדומות 1 ק""ג ז",גרמים,1000.00,100 גרם,false,,10.90,0.0109,true,1,1428468
7290113190603,false,גרעיני תירס להכנת פו,,,גרעיני תירס להכנת פו,גרמים,1000.00,100 גרם,false,,9.50,0.0095,true,1,1428479
7290113190641,false,שעועית לבנה שקית זיפר 1קג רמילוי,,,"שעועית לבנה 1 ק""ג זי",גרמים,1000.00,100 גרם,false,,9.90,0.0099,true,1,1428466
7290113190658,false,שעועית בובס שקית זיפ,,,"שעועית בובס 1 ק""ג זי",גרמים,1000.00,100 גרם,false,,17.90,0.0179,true,1,1428470
7290113192164,false,אגוזי קשיו קלופים 150 גרם ששון הקולה,דין שיווק,,אגוזי קשיו קלופים 15,גרמים,150.00,100 גרם,false,,15.90,0.1060,true,1,1436176
7290113192171,false,מיקס אגוזים שקדים וחמוציות 150 גרם,דין שיווק,,מיקס אגוזים שקדים וח,גרמים,150.00,100 גרם,false,,12.90,0.0860,true,1,1436177
7290113192225,false,תערובת להכנה מהירה סופלה שוקולד שקדיה 200 גרם,"י. כהן בע""מ",,תערובת להכנה מהירה ס,גרמים,200.00,100 גרם,false,,14.90,0.0745,true,1,1430911
7290113192324,false,זיתים ירוקים שלמים בינוניים בית השיטה,בית-השיטה עסיס תעשיות מז,,בית השיטה זיתים ירוק,גרמים,340.00,100 גרם,false,,10.90,0.0321,true,1,1432304
7290113192331,false,זיתים ירוקים מנזנילו 340 גר' בית השיטה,בית-השיטה עסיס תעשיות מז,,בית השיטה זיתים ירוק,גרמים,340.00,100 גרם,false,,9.90,0.0291,true,1,1432305
7290113192379,false,בית השיטה זיתים ירוקים מבוקעים א2 340גר',בית השיטה,,ב.הש.זיתים ירוקים מב,גרמים,340.00,100 גרם,false,,10.90,0.0321,true,1,1428410
7290113192393,false,בית השיטה קוקטייל זיתים א2 336 גרם,בית-השיטה עסיס תעשיות מז,,קוקטייל זיתים בית הש,גרמים,336.00,100 גרם,false,,10.90,0.0324,true,1,1407482
7290113192478,false,בית השיטה מלפפונים במלח בינוני 10-12 320 גרם,בית-השיטה עסיס תעשיות מז,,מלפפונים במלח בינוני,גרמים,320.00,100 גרם,false,,8.50,0.0266,true,1,1431344
7290113192485,false,בית השיטה מלפפונים בחומץ בינוני 10-12 290 גרם,בית-השיטה עסיס תעשיות מז,,מלפפונים בחומץ בינונ,גרמים,290.00,100 גרם,false,,8.50,0.0293,true,1,1429474
7290113192508,false,בית השיטה מלפפונים במלח קטן 1317 320 גרם,בית-השיטה עסיס תעשיות מז,,מלפפונים במלח  קטן 1,גרמים,320.00,100 גרם,false,,10.90,0.0341,true,1,1429475
7290113192515,false,בית השיטה מלפפונים במלח קטן מאוד 1825 320 גרם,בית-השיטה עסיס תעשיות מז,,מלפפון במלח בית השיט,גרמים,320.00,100 גרם,false,,12.90,0.0403,true,1,1429473
7290113192539,false,בית השיטה מלפפונים במלח גדול 79 320 גרם,בית-השיטה עסיס תעשיות מז,,מלפפונים במלח גדול 7,גרמים,560.00,100 גרם,false,,6.40,0.0114,true,1,1429476
7290113192546,false,"מלפפונים בחומץ רכיבים טבעיים 7-9 ""בית השיטה""",בית-השיטה עסיס תעשיות מז,,בית השיטה מלפפון בחו,גרמים,560.00,100 גרם,false,,6.40,0.0114,true,1,1431346
7290113192560,false,בית השיטה פלפל שיפקה חריף כבוש 230 גרם,בית-השיטה עסיס תעשיות מז,,בית השיטה פלפל שיפקה,גרמים,230.00,100 גרם,false,,7.90,0.0343,true,1,1432310
7290113192881,false,"טורטיה חיטה מופחת קלוריות, קוטר 20 ס""מ - 6 יח'",דין שיווק,,טורטיה חיטה מופחת קל,גרמים,270.00,100 גרם,false,,11.90,0.0441,true,1,1430919
7290113194649,false,בית השיטה מלפפונים במלח קוביות 320 גרם,בית-השיטה עסיס תעשיו,,מלפפונים במלח קוביות,גרמים,320.00,100 גרם,false,,9.90,0.0309,true,1,1440435
7290113195196,false,"רסק תפוחי עץ ללת""ס 710 גרם",,,רסק תפוחי עץ 710 גרם,גרמים,710.00,100 גרם,false,,9.90,0.0139,true,1,1434140
7290113195271,false,ממרח פלפלים פיקנטיים 360 גרם,דין שיווק,,ממרח פלפלים פיקנטיים,גרמים,360.00,100 גרם,false,,11.90,0.0331,true,1,1434142
7290113195967,false,קוואקר שיבולת שועל פחית שקדיה 500 גרם,דין שיווק,,שיבולת שועל בפחית 50,גרמים,500.00,100 גרם,false,,9.90,0.0198,true,1,1437636
7290113196414,false,"אורז בסמטי 1 ק""ג - שקדיה כחול מטאלי",דאבה סינג שאם סינג,,אורז בסמטי הודי מובח,גרמים,1000.00,100 גרם,false,,11.90,0.0119,true,1,1437627
7290113196896,false,"תרסיס שמן זית שקדיה 170 מ""ל",שקדיה,,תרסיס שמן זית שקדיה,מיליליטרים,170.00,"100 מ""ל",false,,14.90,0.0876,true,1,1438267
7290113197800,false,פלפל קלוי קלוי 400 גרם בית השיטה,בית השיטה,,פלפל קלוי בית השיטה,גרמים,400.00,100 גרם,false,,12.90,0.0323,true,1,1440436
7290113288485,false,כוסות נייר שתיה חמה,,,כוסות נייר שתיה חמה,יחידה,50.00,יחידה,false,,11.90,0.2380,true,1,1439196
7290113450028,false,מרשמלו כחול 500 גרם,,,מרשמלו כחול 500 גרם,גרמים,500.00,100 גרם,false,,26.90,0.0538,true,1,1434212
7290113470019,false,מדליק פחמים +גפרור (,,,מדליק פחמים +גפרור (,יחידה,1.00,יחידה,false,,6.90,6.9000,true,1,1415791
7290113470026,false,גפרורים אקסטרה לארג',,,גפרורים אקסטרה לארג',יחידה,3.00,יחידה,false,,6.90,2.3000,true,1,1415792
7290113470286,false,מגבונים לניקוי כללי,,,מגבונים לניקוי כללי,יחידה,400.00,יחידה,false,,18.90,0.0472,true,1,1429276
7290113470408,false,שטיח שנל 50*80,,,שטיח שנל 80*50,100 יחידה,1.00,100 יחידה,false,,34.90,34.9000,true,1,1430817
7290113470811,false,ניו יורק סכין לבן (1,,,ניו יורק סכין לבן (1,יחידה,10.00,יחידה,false,,4.90,0.4900,true,1,1427976
7290113470958,false,כפפות ניטרל M שחור(100 יחידות ),,,כפפות ניטריל M שחור,יחידה,100.00,יחידה,false,,25.90,0.2590,true,1,1428455
7290113471122,false,כרית שינה,,,כרית שינה,יחידה,1.00,יחידה,false,,24.90,24.9000,true,1,1430735
7290113471597,false,סבון אסלה לבנדר רמילוי,,,סבון אסלה לבנדר רמי,יחידה,1.00,יחידה,false,,10.90,10.9000,true,1,1429848
7290113471641,false,סדין יחיד ג'רזי 90*200 אפור,,,סדין יחיד ג'רזי 90*2,יחידה,1.00,יחידה,false,,39.90,39.9000,true,1,1430819
7290113472075,false,שום ארוז יבוא,,,שום ארוז יבוא,יחידה,1.00,יחידה,false,,7.90,7.9000,true,1,1428732
7290113472105,false,כוסות נייר שתיה חמה,,,כוסות נייר שתיה חמה,יחידה,50.00,יחידה,false,,11.90,0.2380,true,1,1428806
7290113472969,false,זוג מגבות מטבח 40/60,,,זוג מגבות מטבח 40/60,יחידה,2.00,יחידה,false,,15.90,7.9500,true,1,1430729
7290113475588,false,מפיות מודפסות פרחים,,,מפיות מודפסות פרחים,יחידה,20.00,יחידה,false,,4.90,0.2450,true,1,1435384
7290113475724,false,סט צלחות לבן רמי לוי,,,סט צלחות לבן רמי לוי,יחידה,30.00,יחידה,false,,39.90,1.3300,true,1,1434669
7290113476103,false,מגבת גוף (70*140) תכלת,,,מגבת גוף (70*140) תכ,100 יחידה,1.00,100 יחידה,false,,44.90,44.9000,true,1,1432998
7290113476295,false,50 להבונים בשקית,,,50 להבונים בשקית,יחידה,50.00,יחידה,false,,10.90,0.2180,true,1,1433834
7290113476301,false,נר נשמה 24 שעות,,,נר נשמה 24 שעות,יחידה,1.00,יחידה,false,,1.90,1.9000,true,1,1433831
7290113476448,false,בקבוק ספורט שחור קליפורניה,,,בקבוק ספורט שחור קלי,100 יחידה,1.00,100 יחידה,false,,34.90,34.9000,true,1,1441536
7290113477759,false,נר דטרויט כחול,,,נר דטרויט כחול,יחידה,1.00,יחידה,false,,19.90,19.9000,true,1,1436601
7290113477957,false,נר טוסון זהב,,,נר טוסון זהב,יחידה,1.00,יחידה,false,,19.90,19.9000,true,1,1436621
7290113479364,false,מגבת גוף איכותית (140*70) פודרה,,,מגבת גוף איכותית (14,יחידה,1.00,יחידה,false,,39.90,39.9000,true,1,1437998
7290113479708,false,גליל נייר מגבת מודפס איכותי למטבח,,,נייר מגבת למטבח (235,יחידה,235.00,יחידה,false,,15.90,0.0677,true,1,1435866
7290113626928,false,שקד פרוס 100 גרם,,,שקד פרוס 100 גרם,גרמים,100.00,100 גרם,false,,12.90,0.1290,true,1,1434387
7290113660106,false,מארז 50 כוסות אמנון ותמר,כוסות שתייה חמה 3 ב,,כוסות נייר שתיה חמה,יחידה,50.00,יחידה,false,,11.90,0.2380,true,1,1415793
7290113860438,true,מנגל פחמים על רגל,,,מנגל פחמים על רגל,יחידה,0.00,יחידה,false,,49.00,0.0000,true,1,1418778
7290114310215,false,"שמנת מתוקה 38% רמת הגולן 250 מ""ל ווסטהיים - מוצר בפיקוח",מילקו תעשיות בעמ,,שמנת מתוקה 38% 250 מ,מיליליטרים,250.00,"100 מ""ל",false,,6.47,0.0259,true,1,1434533
7290114310345,false,מעדן יוגורט בטעם תות 1.5% 125 גרם טרה,מילקו תעשיות בעמ,,יוגורט בטעם תות 1.5%,גרמים,125.00,100 גרם,false,,2.70,0.0216,true,1,1435246
7290114310673,false,גבינת לאבנה 9% 250 גרם,Unknown,,לאבנה מחלב בקר 9% 25,גרמים,200.00,100 גרם,false,,11.90,0.0595,true,1,1435892
7290114310895,false,"סימפלי פרוט יוגורט עם מנגו תות, שמיניה 8 * 150 גרם",מולר Muller,,מאגדת שמינייה סימפלי,יחידה,8.00,יחידה,false,,28.90,3.6125,true,1,1437936
7290114311298,false,יוגורט מולר פרופ בטעם תות בננה מלון 150,מולר Muller,,קציפת תות בננה מלון,גרמים,150.00,100 גרם,false,,4.80,0.0320,true,1,1441261
7290114311328,false,חלב מועשר דל לקטוז מעושר בויטמין Dי 2% שומן טרה 1 ליטר,ג'י.אר.אמ.גרופו אלימ,,חלב נטול לקטוז מועשר,מיליליטרים,1000.00,"100 מ""ל",false,,7.90,0.0079,true,1,1441762
7290114311359,false,יוגורט עם קציפת מנגו 3% שומן פרופ 150 ג' מולר,מולר Muller,,קציפת מנגו 3% שומן מ,גרמים,150.00,100 גרם,false,,4.80,0.0320,true,1,1441263
7290114311458,false,חלב בקרטון מועשר ויטמין D 3% 1 ליטר,Unknown,,חלב 3% מועשר וויטמין,מיליליטרים,1000.00,"100 מ""ל",false,,7.50,0.0075,true,1,1442071
7290114600927,false,עלי טורטייה חיטה מלאה מאסטר שף 320 גרם,אלקאטי קורביישיסי גי,,עלי טורטיה מחיטה מלא,גרמים,320.00,100 גרם,false,,9.90,0.0309,true,1,1432959
7290114603539,false,קרוטונים למרק שום בצל מאסטר שף 350 גרם,"עינת תעשיות מזון, אגשח ב",,מאסטר שף קרוטונים למ,גרמים,350.00,100 גרם,false,,19.90,0.0569,true,1,1434231
7290114604871,false,קוסקוס סולת בינוני מאסטר שף 350 גרם,דוידוביץ,,קוסקוס סולת בינוני מ,גרמים,350.00,100 גרם,false,,5.90,0.0169,true,1,1434011
7290114606578,false,שקדי מרק מאסטר שף 400 גרם,שסטוביץ,,שקדי מרק מאסטר שף 40,גרמים,400.00,100 גרם,false,,9.90,0.0248,true,1,1438455
7290115200027,false,אסם פתי בר פינוקים שוקו 220 גרם,קריות זול,,פתי בר פינוקי שוקו א,גרמים,220.00,100 גרם,false,,9.90,0.0450,true,1,1432405
7290115200676,false,עוגיות קרמוגית במילוי קרם בטעם קרמל מלוח,"הגביע מוצרי וופלים בע""\מ",,קרמוגית קרמל מלוח 20,גרמים,200.00,100 גרם,false,,10.90,0.0545,true,1,1433216
7290115200713,false,במבה קלאסי מארז אחיד 8 50*5 ג',"אסם השקעות בע""\מ",,במבה קלאסי מארז אחיד,גרמים,250.00,100 גרם,false,,11.90,0.0476,true,1,1432398
7290115201550,false,ביסלי קרנבל מיקס 150 ג' אסם,פרו מן יו פתרונות אר,,ביסלי קרנבל מיקס 150,גרמים,150.00,100 גרם,false,,7.90,0.0527,true,1,1432781
7290115201703,false,ביסלי ברביקיו גדול אסם 200 גרם,מיוצר עי קונדיטוריית,,ביסלי ברביקיו 200 גר,גרמים,200.00,100 גרם,false,,7.90,0.0395,true,1,1433694
7290115201727,false,ביסלי חטיף בטעם בצל אסם 200 גרם,מיוצר עי קונדיטוריית,,ביסלי בצל 200 גרם,גרמים,200.00,100 גרם,false,,7.90,0.0395,true,1,1433695
7290115202434,false,צבר סלט חומוס עם זעתר 375 גרם,ג'נרל מילס סאן אדריא,,חומוס עם זעתר צבר 37,גרמים,375.00,100 גרם,false,,11.90,0.0317,true,1,1435630
7290115202939,false,מנה חמה רייס נודלס עוף פטריות אסם 50 גרם,מיוצר עי קונדיטוריית,,מנה חמה רייס נודלס ע,גרמים,50.00,100 גרם,false,,6.90,0.1380,true,1,1438349
7290115203134,false,פופקו פופקורן במבה אסם 80 גרם,"אסם השקעות בע""\מ",,פופקו פופקורן במבה 8,גרמים,80.00,100 גרם,false,,4.90,0.0613,true,1,1436130
7290115203172,false,במבה PRO מכיל 18 גרם חלבון בשקית,"אסם השקעות בע""\מ",,במבה פרו 80 גרם,גרמים,80.00,100 גרם,false,,4.90,0.0613,true,1,1441854
7290115203486,false,אסם פירורית בטעם ביסלי גריל 200 גרם,עינת תעשיות מזון אגו,,פירורית בטעם ביסלי ג,גרמים,200.00,100 גרם,false,,6.40,0.0320,true,1,1435944
7290115204247,false,"ממרח עגבניות מיובשות 190 גרם ""צבר""",פרסקו,,עגבניות מיובשות צבר,גרמים,190.00,100 גרם,false,,15.90,0.0837,true,1,1439243
7290115204698,false,בייגלה שטוחים שומשום בטעם ביסלי גריל 300 ג' אסם,מיוצר עי קונדיטוריית,,בייגלה שטוח שומשום ב,גרמים,300.00,100 גרם,false,,9.90,0.0330,true,1,1437762
7290115204995,false,לחמית ים תיכונית 160 גרם,"אסם השקעות בע""\מ",,לחמית ים תיכונית אסם,גרמים,160.00,100 גרם,false,,9.90,0.0619,true,1,1440439
7290115205176,false,פיטנס - קרקר דק כפרי פיטנס 140 גרם,אסם יקנעם,,פיטנס חטיפי קרקר טינ,גרמים,140.00,100 גרם,false,,11.90,0.0850,true,1,1439313
7290115205312,false,קרקר פיטנס דק עם זיתי קלמטה ועשבי תיבול,"אסם השקעות בע""\מ",,פיטנס קרקר Thin Deli,גרמים,140.00,100 גרם,false,,11.90,0.0850,true,1,1440440
7290115206852,false,ביסלי צ'יזי סטיקס חדש 70 ג אסם,"אסם השקעות בע""\מ",,ביסלי צ'יזי סטיקס 70,גרמים,70.00,100 גרם,false,,3.90,0.0557,true,1,1441855
7290115206890,false,ביסלי המבורגר חדש 70 ג אסם,"אסם השקעות בע""\מ",,ביסלי המבורגר 70 גרם,גרמים,70.00,100 גרם,false,,3.90,0.0557,true,1,1441856
7290115207361,false,ביסקוויט פתיבר בטעם פיסטוק,"אסם תעשיות בע""מ",,פתי בר פיסטוק אסם 50,גרמים,500.00,100 גרם,false,,11.90,0.0238,true,1,1440445
7290115207484,false,צבר סלט חציל על האש היתר 360 גרם,ג'נרל מילס סאן אדריא,,חציל על האש צבר 400,גרמים,400.00,100 גרם,false,,14.90,0.0373,true,1,1439252
7290115207682,false,אסם רוטב בסגנון סויה סיני 9*290מל חדש,"אסם השקעות בע""\מ",,רוטב בסגנון סויה סינ,מיליליטרים,290.00,"100 מ""ל",false,,10.90,0.0376,true,1,1440729
7290115207941,false,סירופ אננס ויטמינצ'יק 1 ליטר,בית-השיטה עסיס תעשיות מז,,ויטמינצ'יק אננס 1 לי,מיליליטרים,1000.00,"100 מ""ל",false,,21.90,0.0219,true,1,1439553
7290115208009,false,ויטמינצ'יק ענבים סירופ 1 ליטר,בית-השיטה עסיס תעשיות מז,,ויטמינצ'יק ענבים 1 ל,מיליליטרים,1000.00,"100 מ""ל",false,,21.90,0.0219,true,1,1439556
7290115208047,false,ויטמינצ'יק תרכיז פטל 1 ליטר,בית-השיטה עסיס תעשיות מז,,ויטמינצ'יק פטל 1 ליט,מיליליטרים,1000.00,"100 מ""ל",false,,21.90,0.0219,true,1,1439557
7290115208061,false,סירופ תפוח ויטמינצ'יק 1 ליטר,בית השיטה עסיס תעשיות מז,,ויטמינצ'יק תפוח 1 לי,מיליליטרים,1000.00,"100 מ""ל",false,,21.90,0.0219,true,1,1439558
7290115208320,false,אפרופו חטיף בטעם ביסלי בצל 50 גרם,"אסם השקעות בע""\מ",,אפרופו בטעם ביסלי בצ,גרמים,50.00,100 גרם,false,,4.90,0.0980,true,1,1442566
7290115209174,false,במבה אורירית קלאסי 60 גר',אסם השקעות בעמ,,במבה אורירית אסם 60,גרמים,60.00,100 גרם,false,,4.30,0.0717,true,1,1441080
7290115209235,false,ביסקוויט פתי בר קפה אסם 500 גרם,"אסם תעשיות בע""מ",,פתי בר קפה אסם 500 ג,גרמים,500.00,100 גרם,false,,12.90,0.0258,true,1,1442171
7290115209372,false,במבה במילוי בראוניז 150ג' אסם,"אסם השקעות בע""\מ",,במבה במילוי בראוניז,גרמים,150.00,100 גרם,false,,10.90,0.0727,true,1,1442569
7290115400847,false,עוגיות פרפריות רמי לוי 500 גרם,,,עוגיות פרפריות רמי ל,גרמים,500.00,100 גרם,false,,14.90,0.0298,true,1,1440679
7290115400861,false,עוגיות מעמול רמי לוי 500 גרם,,,עוגיות מעמול תמר רמי,גרמים,500.00,100 גרם,false,,14.90,0.0298,true,1,1440681
7290115400878,false,עוגיות ממולאות טעם שוקולד רמי לוי 500 גרם,,,עוגיות ממולאות בטעם,גרמים,500.00,100 גרם,false,,14.90,0.0298,true,1,1440682
7290115400908,false,עוגיות מגולגלות תמרים רמי לוי 500 גרם,,,עוגיות מגולגלות תמרי,גרמים,500.00,100 גרם,false,,14.90,0.0298,true,1,1440684
7290115401103,false,עוגיות נסיכה מיקס רמי לוי 500 גרם,,,עוגיות נסיכה מיקס רמ,גרמים,500.00,100 גרם,false,,14.90,0.0298,true,1,1440686
7290115401158,false,עוגיות מלוחות קריספי רמי לוי 500 גרם,,,עוגיוים מלוחות קריספ,גרמים,500.00,100 גרם,false,,14.90,0.0298,true,1,1440688
7290115401172,false,עוגיות פסים עלים מסוכרות רמי לוי 500 גרם,,,עוגיות פסים עלים מסו,גרמים,500.00,100 גרם,false,,14.90,0.0298,true,1,1440689
7290115401196,false,עוגיות קוואקר פריכות רמי לוי 500 גרם,,,עוגיות קוואקר פריכות,גרמים,500.00,100 גרם,false,,14.90,0.0298,true,1,1440690
7290115406467,false,עוגת דבש מהודרת רמי,,,עוגת דבש מהודרת רמי,גרמים,450.00,100 גרם,false,,14.90,0.0331,true,1,1442337
7290115406474,false,עוגת דבש מהודרת שטרו,,,עוגת דבש מהודרת שטרו,גרמים,450.00,100 גרם,false,,14.90,0.0331,true,1,1442338
7290115410877,false,סלט כרוב אדום במיונז,,,סלט כרוב אדום במיונז,גרמים,400.00,100 גרם,false,,10.90,0.0273,true,1,1434267
7290115410884,false,חציל על האש 400ג רמילוי,,,חציל על האש רמי לוי,גרמים,400.00,100 גרם,false,,10.90,0.0273,true,1,1434268
7290115410891,false,חומוס מסבחה 400ג רמילוי,,,חומוס מסבחה רמי לוי,גרמים,400.00,100 גרם,false,,10.90,0.0273,true,1,1434269
7290115410921,false,חומוס ירושלמי 400ג רמילוי,,,חומוס ירושלמי רמי לו,גרמים,400.00,100 גרם,false,,10.90,0.0273,true,1,1434272
7290115410938,false,טחינה רמי לוי 400 גר,,,טחינה רמי לוי 400 גר,גרמים,400.00,100 גרם,false,,10.90,0.0273,true,1,1434273
7290115410945,false,חומוס זעתר 400ג רמילוי,,,חומוס זעתר רמי לוי 4,גרמים,400.00,100 גרם,false,,10.90,0.0273,true,1,1434274
7290115410952,false,חציל במיונז 400ג רמילוי,,,חציל במיונז רמי לוי,גרמים,400.00,100 גרם,false,,10.90,0.0273,true,1,1434275
7290115410969,false,חומוס לפיתה 700ג רמילוי,,,סלט חומוס לפיתה רמי,גרמים,700.00,100 גרם,false,,10.90,0.0156,true,1,1434276
7290115411454,false,חומוס ירושלמי המזטים,,,חומוס ירושלמי המזטים,גרמים,250.00,100 גרם,false,,8.90,0.0356,true,1,1434278
7290115411560,false,חציל תאילנדי 250גר רמילוי,,,חציל תאילנדי המזטים,גרמים,250.00,100 גרם,false,,8.90,0.0356,true,1,1434280
7290115411577,false,חציל במיונז 250גר רמילוי,,,חציל אש במיונז המזטי,גרמים,250.00,100 גרם,false,,8.90,0.0356,true,1,1434281
7290115480016,false,סוד פאוור קאפס לכביסה צבעונית 26 יחי,סוד,,סוד קפסולות ג'ל 3+1,יחידה,26.00,יחידה,false,,29.90,1.1500,true,1,1440638
7290115671308,false,מסטיק מאסט פאן תות דובדבן צנצנת 58 גרם,אסקום קונפשטיין,,תות דובדבן מאסט פאן,גרמים,58.00,100 גרם,false,,9.90,0.1707,true,1,1439290
7290115671339,false,מיני פינוקיות בראוניז בייגל בוטן עלית 180 ג' עלית,"הגביע מוצרי ופלים בע""\מ",,מיני פינוקיות בראוני,גרמים,180.00,100 גרם,false,,9.90,0.0550,true,1,1437713
7290115671353,false,מיני פינוקיות עוגיות קקאו במילוי קרם בטעם וניל,"הגביע מוצרי ופלים בע""\מ",,מיני פינוקיות שחור ל,גרמים,180.00,100 גרם,false,,9.90,0.0550,true,1,1439291
7290115675559,false,מארז קפה טורקי לדרך 10 יחידות,שטראוס קפה בי.וי.,,מארז טורקי לדרך 70 ג,גרמים,70.00,100 גרם,false,,7.90,0.1129,true,1,1439492
7290115676051,false,"משקה אקטיביה שיבולת שועל במתיקות מעודנת 250 מ""ל",מיוצר עי קונדיטוריית,,"משקה אקטיביה עם ש""ש",מיליליטרים,265.00,"100 מ""ל",false,,5.10,0.0192,true,1,1438309
7290115676693,false,תפוצ'יפס מלח חומץ 50 ג' עלית,"שטראוס פריטו ליי בע""\מ )",,תפוצ'יפס מלח וחומץ ע,גרמים,50.00,100 גרם,false,,3.50,0.0700,true,1,1441081
7290115677362,false,"נודלס טריאקי ""דלישס"" שטראוס","טרופיקל דגיל בע""מ אז",,ארוחת נודלס טריאקי 3,גרמים,350.00,100 גרם,false,,26.90,0.0769,true,1,1438213
7290115678376,false,מעדן הגולן שוקולד 125 גרם,מיוצר עי קונדיטוריית,,מעדן הגולן שוקולד 12,גרמים,125.00,100 גרם,false,,2.90,0.0232,true,1,1437698
7290115678383,false,מעדן הגולן שוקולד מריר 125 גרם,מיוצר עי קונדיטוריית,,מעדן הגולן שוקולד מר,גרמים,125.00,100 גרם,false,,2.90,0.0232,true,1,1437699
7290115679762,false,שייק פירות צהוב 150X2גר,סיבהפרוסט,,שייק פירות צהוב דליש,גרמים,150.00,100 גרם,false,,22.90,0.1527,true,1,1443473
7290115679779,false,שייק פירות אדום דליש,סיבהפרוסט,,שייק פירות אדום דליש,גרמים,150.00,100 גרם,false,,22.90,0.1527,true,1,1443474
7290116052717,false,כפית שקוף רמי לוי 40,,,כפית שקוף רמי לוי 40,100 יחידה,40.00,100 יחידה,false,,7.90,0.1975,true,1,1441484
7290116052762,false,מזלג קרם רמי לוי 40,,,מזלג קרם רמי לוי 40,100 יחידה,40.00,100 יחידה,false,,8.90,0.2225,true,1,1441489
7290116052861,false,כוס מרוקאי זהב 25יח חגיגית,,,כוס מרוקאי זהב (25 י,100 יחידה,25.00,100 יחידה,false,,8.90,0.3560,true,1,1441118
7290116052892,false,כוס מרוקאי שחור 25יח חגיגית,,,כוס מרוקאי שחור (25,100 יחידה,25.00,100 יחידה,false,,8.90,0.3560,true,1,1441121
7290116052960,false,כף פרימיום קרם 40 יחידות,,,כף פרימיום קרם 40 יח,100 יחידה,40.00,100 יחידה,false,,7.90,0.1975,true,1,1441127
7290116054230,false,מארז 50 צלחות לבן 8.5' בסט וליו,,,צלחת 8.5 לבן בסט ולי,יחידה,50.00,יחידה,false,,17.90,0.3580,true,1,1440343
7290116055657,false,כוסות חד פעמי לשתייה חמה 40 יח,,,כוס חם 8 (40 יח') רמ,100 יחידה,40.00,100 יחידה,false,,9.90,0.2475,true,1,1441136
7290116056296,false,צלחת 9' קרם (50 יח') בסט וליו,,,צלחת 9 קרם 50 יחידות,יחידה,1.00,יחידה,false,,21.90,21.9000,true,1,1440319
7290116056302,false,צלחת 9' לבן (50 יח') בסט וליו,,,צלחת 9 לבן 50 יחידות,יחידה,1.00,יחידה,false,,21.90,21.9000,true,1,1440320
7290116056968,false,מטליות 50יח לניקוי וחיטוי 99.9%,,,מטליות לניקוי וחיטוי,יחידה,50.00,יחידה,false,,7.90,0.1580,true,1,1438523
7290116057095,false,סכין 10 יח' שחור זהב,,,סכין (10יח') שחור זה,100 יחידה,10.00,100 יחידה,false,,10.90,1.0900,true,1,1440883
7290116057101,false,מזלג 10 יח' שחור זהב,,,מזלג (10יח') שחור זה,100 יחידה,10.00,100 יחידה,false,,10.90,1.0900,true,1,1440884
7290116530185,false,"קורנפלקס דלישקד קרמל מלוח 400 גרם בד""ץ","יוניליוור שפע ישראל בע""\",,דלישקד 400 גרם תלמה,גרמים,400.00,100 גרם,false,,20.90,0.0522,true,1,1438177
7290116530871,false,נשנושים מיקס בייגל בייגל 240 גרם,"דרך השוקולד ,1 צפת 13404",,נשנושים מיקס 240 גרם,גרמים,240.00,100 גרם,false,,11.90,0.0496,true,1,1440929
7290116531090,false,בייגל בייגל דג דג במליחות עדינה 250 גרם,"דרך השוקולד ,1 צפת 13404",,דגדג חטיף אפוי במליח,גרמים,250.00,100 גרם,false,,9.90,0.0396,true,1,1439657
7290116531281,false,קליק מיקס 65 גרם,יוניליוור ישראל מזון,,קליק מיקס 65 גרם,גרמים,65.00,100 גרם,false,,5.90,0.0908,true,1,1438880
7290116531939,false,גלידה בשומן צמחי בטעם תות שדה בציפוי מכיל שוקולד,"גלידת שטראוס בע""\מ, רח'",,גלידונית תות שדה,מיליליטרים,955.00,"1000מ""ל",false,,39.80,0.0417,true,1,1440105
7290116532240,false,קליק טבלה שוקולד חלב פצפוצי דגנים ועוגי 85 גרם רבנות,יוניליוור ישראל מזון בע\,,קליק טבלה שוקולד חלב,גרמים,85.00,100 גרם,false,,5.30,0.0624,true,1,1440934
7290116532486,false,גלידת שמנת קליק בטעמי וניל קרמל מלוח 384 ג' שטראוס,"גלידת שטראוס בע""\מ, רחוב",,פיינט קליק וניל קרמל,מיליליטרים,520.00,"100 מ""ל",false,,17.90,0.0344,true,1,1441054
7290116930015,false,GO חטיף חלבון חטיף בוטנים קריספי 20 גרם חלבון,"בלמונט קונפקציות בע""\מ.",,תנובה חטיף חלבון GO,גרמים,60.00,100 גרם,false,,11.90,0.1983,true,1,1442298
7290116930022,false,GO חטיף חלבון עוגיות ציפוי קריספי 20 גרם חלבון,"בלמונט קונפקציות בע""\מ.",,תנובה חטיף חלבון GO,גרמים,60.00,100 גרם,false,,11.90,0.1983,true,1,1442299
7290116930282,false,ארוחה בקטנה לאבנה עם קרקרים 150ג' תנובה,תנובה חלב,,ארוחה בקטנה לאבנה עם,גרמים,150.00,100 גרם,false,,8.50,0.0567,true,1,1441765
7290116930480,false,"משקה SHAKE בננה קיווי תפוח 230 מ""ל יופלה",קבוצת המזון אקטשלאר,,יופלה שייק בננה קיו,מיליליטרים,230.00,"100 מ""ל",false,,7.90,0.0343,true,1,1441148
7290116930626,false,ארוחה בקטנה ציזיקי עם קרקרים 150ג' תנובה,תנובה חלב,,ארוחה בקטנה ציזיקי ע,גרמים,150.00,100 גרם,false,,8.50,0.0567,true,1,1441766
7290116930718,false,מעדן תנובה דיאט בטעם שוקולד וקרמל מלוח 0% 150ג' תנובה,"תנובה בע""\מ",,מעדן תנובה דיאט בטעם,גרמים,150.00,100 גרם,false,,4.00,0.0267,true,1,1441245
7290116930954,false,יוגורט טעם פאי תפוחים 3% 150 ג' יופלה,"תנובה בע""\מ",,יופלה פאי תפוחים 3%,גרמים,150.00,100 גרם,false,,5.00,0.0333,true,1,1442578
7290116931104,false,יופלה GO במרקם סמיך עם אננס 0% תנובה 200 גרם,תנובה בעמ,,יופלה גו במרקם סמיך,גרמים,200.00,100 גרם,false,,5.90,0.0295,true,1,1441769
7290117260227,false,קפה טורקי אמיתי מטורקיה 100 גרם,פריזלנד פודס קיוויט בי.ו,,קפה טורקי קלוי מטורק,גרמים,100.00,100 גרם,false,,6.90,0.0690,true,1,1439414
7290117260326,false,גבינת שמנת עם זיתים 20% 200ג רמילוי,,,גבינת שמנת עם זיתים,גרמים,200.00,100 גרם,false,,10.90,0.0545,true,1,1440717
7290117260432,false,פטריות שמפניון חתוכות 400ג רמילוי,,,פטריות חתוכות רמי לו,גרמים,400.00,100 גרם,false,,4.90,0.0123,true,1,1440812
7290117261514,false,סלמון אטלנטי בשמן קנולה ולימון 120 גרם ויליפוד,קריות זול,,סלמון אטלנטי בשמן קנ,גרמים,120.00,100 גרם,false,,10.90,0.0908,true,1,1441977
7290117261538,false,סלמון אטלנטי בשמן קנולה וצילי 120 גרם ויליפוד,קריות זול,,סלמון אטלנטי בשמן קנ,גרמים,120.00,100 גרם,false,,10.90,0.0908,true,1,1441979
7290117261569,false,סלמון אטלנטי מעושן בשמן קנולה 120 גרם ויליפוד,קריות זול,,סלמון אטלנטי מעושן ב,גרמים,120.00,100 גרם,false,,10.90,0.0908,true,1,1441980
7290117261590,false,סרדינים בריסלינג מעושנים בשמן זית 185 גרם צנצנת,גולדן פרייז קאנינג אל.טי,,סרדינים בריסלינג מעו,גרמים,185.00,100 גרם,false,,13.90,0.0751,true,1,1442334
7290117262030,false,רגע-וופל במילוי קרם טעם שוקולד 200 גרם ויליפוד,,,וופל במילוי קרם בטעם,גרמים,200.00,100 גרם,false,,14.90,0.0745,true,1,1441264
7290117262054,false,רגע-וופל במילוי עם שוקולד שוויצרי 200 גרם ויליפוד,,,וופל במילוי עם שוקול,גרמים,200.00,100 גרם,false,,14.90,0.0745,true,1,1441266
7290117262290,false,פרלינים אגוזים במילוי פצפוצי דגנים פריכים מצופים שוקולד חלב 50 גרם,מודרן צוקולטה,,פרלינים אגוזים במילו,גרמים,50.00,100 גרם,false,,5.90,0.1180,true,1,1443399
7290117262306,false,"קורנפלקס מצופה שוקולד חלב ד, 50 גרם",מודרן צוקולטה,,קורנפלקס מצופים שוקו,גרמים,50.00,100 גרם,false,,5.90,0.1180,true,1,1443400
7290117262313,false,פצפוצי דגנים פריכים מצופים שוקולד חלב 50 גרם,מודרן צוקולטה,,פצפוצי דגנים פריכים,גרמים,50.00,100 גרם,false,,5.90,0.1180,true,1,1443401
7290117262320,false,ביסקוויט מצופה שוקולד חלב 50 גר JAZZY,מודרן צוקולטה,,ביסקוויט מצופה שוקול,גרמים,40.00,100 גרם,false,,5.90,0.1475,true,1,1443402
7290117380178,false,סוויט פוף חטיף מצופה שוקולד חלב,"טחנת האבן תעשיות בע""",,סוויט פוף שוקולד חלב,גרמים,50.00,100 גרם,false,,4.50,0.0900,true,1,1440803
7290117380185,false,סוויט פוף חטיף מצופה שוקולד חלב ולבן,"טחנת האבן תעשיות בע""",,סוויט פוף שוקולד חלב,גרמים,50.00,100 גרם,false,,4.50,0.0900,true,1,1440804
7290117380192,false,חטיף פוף קראנץ בטעם גריל 60 גרם,מנה,,פוף קראנצ בטעם גריל,גרמים,60.00,100 גרם,false,,3.90,0.0650,true,1,1438962
7290117380208,false,חטיף פוף קראנץ בטעם חמוץ חריף 60 גרם,מנה,,פוף קראנצ בטעם חמוץ,גרמים,60.00,100 גרם,false,,3.90,0.0650,true,1,1438963
7290117380215,false,חטיף פוף קראנץ בטעם טאקו 60 גרם,מנה,,פוף קראנצ בטעם טאקו,גרמים,60.00,100 גרם,false,,3.90,0.0650,true,1,1438964
7290117900932,false,גרעין אבטיח קלוי 130 גרם,דין שיווק וקלייה בעמ,,גרעיני אבטיח קלויים,גרמים,130.00,100 גרם,false,,10.90,0.0838,true,1,1441316
7290117900949,false,בוטנים מצופים אמריקאים 250 גרם,"שקדיה גבע תעשיות בע""",,בוטנים מצופים אמריקא,גרמים,250.00,100 גרם,false,,10.90,0.0436,true,1,1441317
7290117900956,false,תערובת פיצוחים קלויים ששון הקולה 180 גרם,"שקדיה גבע תעשיות בע""",,תערובת פיצוחים קלויי,גרמים,180.00,100 גרם,false,,15.90,0.0883,true,1,1441318
7290117900963,false,בוטנים קלויים ששון ה,דין שיווק וקלייה בעמ,,בוטנים קלויים ששון ה,גרמים,270.00,100 גרם,false,,10.90,0.0404,true,1,1441319
7290117900970,false,שקדים קלויים ששון הקולה 180 גם,דין שיווק וקלייה בעמ,,שקדים קלויים ששון הק,גרמים,180.00,100 גרם,false,,15.90,0.0883,true,1,1441320
7290117900987,false,אגוז פקאן קלוף ששון הקולה 140 גרם,"שקדיה גבע תעשיות בע""",,אגוז פקאן קלוף ששון,גרמים,140.00,100 גרם,false,,15.90,0.1136,true,1,1441321
7290117900994,false,פקאן סיני מסוכר ששון הקולה 140 גרם,"שקדיה גבע תעשיות בע""",,פקאן סיני מסוכר ששון,גרמים,140.00,100 גרם,false,,15.90,0.1136,true,1,1441322
7290117901007,false,פיסטוקים קלויים ששון הקולה 130 גרם,"שקדיה גבע תעשיות בע""",,פיסטוקים קלויים ששון,גרמים,130.00,100 גרם,false,,15.90,0.1223,true,1,1441323
7290117901014,false,קשיו קלוי ששון הקולה 160 גרם,"שקדיה גבע תעשיות בע""",,קשיו קלוי ששון הקולה,גרמים,160.00,100 גרם,false,,15.90,0.0994,true,1,1441324
7290117901021,false,קבוקים בוטנים מצופים עם שומשום 220 גרם,"שקדיה גבע תעשיות בע""",,קבוקים בוטנים מצופים,גרמים,220.00,100 גרם,false,,10.90,0.0495,true,1,1441325
7290117901038,false,אגוזי מלך קלופים ששון הקולה 190 גרם,"שקדיה גבע תעשיות בע""",,אגוזי מלך קלופים ששו,גרמים,190.00,100 גרם,false,,15.90,0.0837,true,1,1441326
7290117901045,false,בוטן רביולי ששון הקולה 200 גרם,דין שיווק וקלייה בעמ,,בוטן רביולי ששון הקו,גרמים,200.00,100 גרם,false,,15.90,0.0795,true,1,1441327
7290117901052,false,שקדים קלופים ששון הק,"שקדיה גבע תעשיות בע""",,שקדים קלופים ששון הק,גרמים,180.00,100 גרם,false,,15.90,0.0883,true,1,1441328
7290118072966,false,חנוכיה אורות,,,חנוכיה אורות,יחידה,1.00,יחידה,false,,69.90,69.9000,true,1,1443480
7290118073710,false,מקל מטאטא מחוזק 130סמ צבעוני,,,מקל מטאטא מחוזק 130,יחידה,1.00,יחידה,false,,7.90,7.9000,true,1,1443485
7290118077985,false,חנוכייה מעוצבת בינונית 28סמ רגל מעוצבת כסף מבריק,,,חנוכייה מעוצבת בינונ,יחידה,1.00,יחידה,false,,89.90,89.9000,true,1,1443489
7290118420477,false,אסם בייגלה שטוחים בטעם ביסלי בצל 300 גרם,"אסם תעשיות בע""מ",,אסם בייגלה שטוחים בט,גרמים,300.00,100 גרם,false,,9.90,0.0330,true,1,1442572
7290118420514,false,אינסטנט פודינג בטעם נוגט אסם 75 גרם,"אסם השקעות בע""מ",,אסם אינסטנט פודינג נ,גרמים,75.00,100 גרם,false,,4.90,0.0653,true,1,1442573
7291044019179,true,רביעיית סוללות 1.5V,,,רביעיית סוללות 1.5V,יחידה,0.00,יחידה,false,,5.00,0.0000,true,1,1423010
7291044019216,true,רביעיית סוללות 1.5V,,,רביעיית סוללות1.5V,יחידה,0.00,יחידה,false,,5.00,0.0000,true,1,1423011
7291044048889,true,כבל מאריך 3,,,כבל מאריך 3,יחידה,0.00,יחידה,false,,0.00,0.0000,true,1,1423396
7291044051889,true,מטען רכב מיקרו USB,,,מטען רכב מיקרו USB,יחידה,0.00,יחידה,false,,0.00,0.0000,true,1,1423346
7291044060577,true,מטען קיר לאייפון 5,,,מטען קיר לאייפון 5,יחידה,0.00,יחידה,false,,0.00,0.0000,true,1,1423347
7291044066326,true,רב שקע ל 5,,,רב שקע ל 5,יחידה,0.00,יחידה,false,,0.00,0.0000,true,1,1423348
7291044069754,true,מפצל חשמל 1 ל 3,,,מפצל חשמל 1 ל 3,יחידה,0.00,יחידה,false,,0.00,0.0000,true,1,1423349
7291049075460,true,פרח בד תמיד שלך קטן,,,פרח בד תמיד שלך קטן,יחידה,0.00,יחידה,false,,10.00,0.0000,true,1,1426830
7291049075484,true,פרח בד תמיד שלך גדול,,,פרח בד תמיד שלך גדול,יחידה,0.00,יחידה,false,,15.90,0.0000,true,1,1426831
7291049079895,true,סט 4 קופסאות תכלתעם,,,סט 4 קופסאות תכלתעם,יחידה,0.00,יחידה,false,,100.00,0.0000,true,1,1425037
7291049080181,true,דובי חום עם חולצה ור,,,דובי חום עם חולצה ור,יחידה,0.00,יחידה,false,,36.00,0.0000,true,1,1426837
7291049099695,true,"דובי פרווה 35 ס""מ 3",,,"דובי פרווה 35 ס""מ 3",יחידה,0.00,יחידה,false,,70.00,0.0000,true,1,1428529
7291049103842,true,צעצוע מתאגרף+ממתקים,,,צעצוע מתאגרף+ממתקים,יחידה,0.00,יחידה,false,,7.50,0.0000,true,1,1426844
7291049104054,true,כלי מילוי קרמיקה עגו,,,כלי מילוי קרמיקה עגו,יחידה,0.00,יחידה,false,,19.00,0.0000,true,1,1426846
7291049113353,true,"בלון מיילר 18"" עגול",,,"בלון מיילר 18"" עגול",יחידה,0.00,יחידה,false,,11.00,0.0000,true,1,1425051
7291049114350,true,"דובי פרווה 50 ס""מ מח",,,"דובי פרווה 50 ס""מ מח",יחידה,0.00,יחידה,false,,110.00,0.0000,true,1,1425058
7291049114862,true,"דובי פרווה 25 ס""מ מח",,,"דובי פרווה 25 ס""מ מח",יחידה,0.00,יחידה,false,,39.90,0.0000,true,1,1425059
7291049116057,true,כוס סובלמציהידית לב,,,כוס סובלמציהידית לב,יחידה,0.00,יחידה,false,,19.00,0.0000,true,1,1428533
7291049117641,true,"שקית 1 ק""ג סוכריות ע",,,"שקית 1 ק""ג סוכריות ע",יחידה,0.00,יחידה,false,,9.90,0.0000,true,1,1428534
7291049117658,true,"שקית 1 ק""ג סוכריות ע",,,"שקית 1 ק""ג סוכריות ע",יחידה,0.00,יחידה,false,,9.90,0.0000,true,1,1425062
7291049122492,true,תוף עץ לב דגל ישראל,,,תוף עץ לב דגל ישראל,יחידה,0.00,יחידה,false,,7.50,0.0000,true,1,1429000
7291049125233,false,סוכריה מסולסלת צבעונית על מקל (80 גר),General,,סוכריה מסולסלת צבעונ,גרמים,80.00,100 גרם,false,,4.90,0.0613,true,1,1418603
7291049125899,true,"שקית 1 ק""ג סוכריות ע",,,"שקית 1 ק""ג סוכריות ע",יחידה,0.00,יחידה,false,,9.90,0.0000,true,1,1428535
7291049130619,true,גלגל ים סמי הכבאי,,,גלגל ים סמי הכבאי,יחידה,0.00,יחידה,false,,9.90,0.0000,true,1,1425069
7291049130640,true,מצופים מיניונים,,,מצופים מיניונים,יחידה,0.00,יחידה,false,,9.90,0.0000,true,1,1425070
7291049130657,true,גלגל ים מיניונים,,,גלגל ים מיניונים,יחידה,0.00,יחידה,false,,9.90,0.0000,true,1,1425071
7291049133634,true,"דובי חום 25 ס""מ לב ב",,,"דובי חום 25 ס""מ לב ב",יחידה,0.00,יחידה,false,,39.90,0.0000,true,1,1426878
7291049133641,true,"דובי חום 35 ס""מ לב ב",,,"דובי חום 35 ס""מ לב ב",יחידה,0.00,יחידה,false,,55.90,0.0000,true,1,1425072
7291049134051,true,ספל קרמיקה כוח פי .ג,,,ספל קרמיקה כוח פי .ג,יחידה,0.00,יחידה,false,,13.90,0.0000,true,1,1426879
7291049136376,true,"דובי פרווה 25 ס""מ +",,,"דובי פרווה 25 ס""מ +",יחידה,0.00,יחידה,false,,35.00,0.0000,true,1,1425073
7291049136871,true,לקקן שוקולד 15ג'אהבה,,,לקקן שוקולד 15ג'אהבה,יחידה,0.00,יחידה,false,,3.90,0.0000,true,1,1418608
7291049139490,true,ספל קונוס +דובי עברי,,,ספל קונוס +דובי עברי,יחידה,0.00,יחידה,false,,15.00,0.0000,true,1,1426890
7291049140212,true,ספל קרמיקה בקופסא עג,,,ספל קרמיקה בקופסא עג,יחידה,0.00,יחידה,false,,21.90,0.0000,true,1,1425084
7291049141042,false,קופסאת מתנה מלבן,,,קופסאת מתנה מלבן,יחידה,1.00,יחידה,false,,15.00,15.0000,true,1,1421410
7291049141066,true,קופסת מתנה מלבן סרט,,,קופסת מתנה מלבן סרט,יחידה,0.00,יחידה,false,,15.90,0.0000,true,1,1425086
7291049141233,true,גביע קרמיקה זהב נמוך,,,גביע קרמיקה זהב נמוך,יחידה,0.00,יחידה,false,,35.00,0.0000,true,1,1426895
7291049141721,true,מאג בר מצווה,,,מאג בר מצווה,יחידה,0.00,יחידה,false,,15.00,0.0000,true,1,1426897
7291049142230,true,ספל קרמיקה יום הולדת,,,ספל קרמיקה יום הולדת,יחידה,0.00,יחידה,false,,15.00,0.0000,true,1,1426901
7291049142346,true,"בלון מיילר שלט ""אין",,,"בלון מיילר שלט ""אין",יחידה,0.00,יחידה,false,,29.90,0.0000,true,1,1426902
7291049142421,true,בלון מיילר שלט מכל ה,,,בלון מיילר שלט מכל ה,יחידה,0.00,יחידה,false,,18.00,0.0000,true,1,1426903
7291049142841,true,ספל קרמיקה לולדת הבן,,,ספל קרמיקה לולדת הבן,יחידה,0.00,יחידה,false,,10.00,0.0000,true,1,1425091
7291049142940,true,גלגל ים מטוסי על,,,גלגל ים מטוסי על,יחידה,0.00,יחידה,false,,9.90,0.0000,true,1,1425092
7291049142964,true,מצופים משולשים תותית,,,מצופים משולשים תותית,יחידה,0.00,יחידה,false,,9.90,0.0000,true,1,1425093
7291049142995,true,מצופים משולשים מטוסי,,,מצופים משולשים מטוסי,יחידה,0.00,יחידה,false,,9.90,0.0000,true,1,1426907
7291049143336,true,בלון מיילר שלט אני א,,,בלון מיילר שלט אני א,יחידה,0.00,יחידה,false,,20.00,0.0000,true,1,1426909
7291049143763,true,פרלין ורוד מכל הלב,,,פרלין ורוד מכל הלב,קילוגרמים,1.00,"ק""ג",true,,69.00,69.0000,true,1,1426910
7291049150754,true,"כרטיס ברכה ת""מ רק בש",,,"כרטיס ברכה ת""מ רק בש",יחידה,0.00,יחידה,false,,7.90,0.0000,true,1,1425100
7291049152055,true,"כרטיס ברכה ת""מ עוגה",,,"כרטיס ברכה ת""מ עוגה",יחידה,0.00,יחידה,false,,7.90,0.0000,true,1,1426919
7291049155773,true,כרטיס ברכה יום הולדת,,,כרטיס ברכה יום הולדת,יחידה,0.00,יחידה,false,,4.50,0.0000,true,1,1425119
7291049157074,true,דובי פרחים צבעוני +ק,,,דובי פרחים צבעוני +ק,יחידה,0.00,יחידה,false,,99.00,0.0000,true,1,1425124
7291049158125,true,גלגל ים כוח פיג'יי,,,גלגל ים כוח פיג'יי,יחידה,0.00,יחידה,false,,9.90,0.0000,true,1,1425126
7291049158262,true,"דובי פרווה 20 ס""מ +ב",,,"דובי פרווה 20 ס""מ +ב",יחידה,0.00,יחידה,false,,35.00,0.0000,true,1,1425127
7291049158279,true,"דובי פרווה 25 ס""מ +ב",,,"דובי פרווה 25 ס""מ +ב",יחידה,0.00,יחידה,false,,39.00,0.0000,true,1,1425128
7291049158729,false,"גביע כתר 12 ס""מ זהב",,,"גביע כתר 12 ס""מ זהב",יחידה,1.00,יחידה,false,,24.00,24.0000,true,1,1434778
7291049159016,false,כלי קרמיקה עגול למיל,,,כלי קרמיקה עגול למיל,יחידה,1.00,יחידה,false,,15.00,15.0000,true,1,1426937
7291049160012,true,קופסת אדומה מרובעת +,,,קופסת אדומה מרובעת +,יחידה,0.00,יחידה,false,,13.90,0.0000,true,1,1425143
7291049160135,true,"קופסאת מתנה צורת ""5""",,,"קופסאת מתנה צורת ""5""",יחידה,0.00,יחידה,false,,27.90,0.0000,true,1,1426940
7291049160234,true,"קופסאת מתנה צורת ""4""",,,"קופסאת מתנה צורת ""4""",יחידה,0.00,יחידה,false,,27.90,0.0000,true,1,1425146
7291049160265,true,"קופסאת מתנה צורת ""0""",,,"קופסאת מתנה צורת ""0""",יחידה,0.00,יחידה,false,,27.90,0.0000,true,1,1425147
7291049160272,true,"קופסא מתנה צורת 3""אד",,,"קופסא מתנה צורת 3""אד",יחידה,0.00,יחידה,false,,27.90,0.0000,true,1,1426943
7291049160524,true,סרגל 7 לבבות שוקולוד,,,סרגל 7 לבבות שוקולוד,יחידה,0.00,יחידה,false,,7.50,0.0000,true,1,1418627
7291049163679,true,"כרטיס ברכה ת""מ נסיכה",,,"כרטיס ברכה ת""מ נסיכה",יחידה,0.00,יחידה,false,,7.90,0.0000,true,1,1426948
7291049163730,false,"כרטיס ברכה ת""מ מזל ט",,,"כרטיס ברכה ת""מ מזל ט",יחידה,1.00,יחידה,false,,7.90,7.9000,true,1,1425157
7291049163839,true,"כרטיס ברכה ת""מ ליקרה",,,"כרטיס ברכה ת""מ ליקרה",יחידה,0.00,יחידה,false,,7.90,0.0000,true,1,1425160
7291049165697,true,בובה סנטה רוקדת 24 ו,,,בובה סנטה רוקדת 24 ו,יחידה,0.00,יחידה,false,,29.90,0.0000,true,1,1426950
7291049165741,true,נעל סנטה קטנה למילוי,,,נעל סנטה קטנה למילוי,יחידה,0.00,יחידה,false,,9.00,0.0000,true,1,1418633
7291049173333,false,"בלון מיילר 34"" מספר",,,"בלון מיילר 34"" מספר",יחידה,1.00,יחידה,false,,8.00,8.0000,true,1,1433344
7291049173371,false,"בלון מיילר 34"" מספר",,,"בלון מיילר 34"" מספר",יחידה,1.00,יחידה,false,,8.00,8.0000,true,1,1433348
7291049173401,false,"בלון מיילר 34"" מספר",,,"בלון מיילר 34"" מספר",יחידה,1.00,יחידה,false,,8.00,8.0000,true,1,1433351
7291049198190,false,קופסא יחידות שוקולד לבבות (24 דיספלי),General,,קופסא יחידות שוקולד,יחידה,1.00,יחידה,false,,24.90,24.9000,true,1,1439865
7291049204815,false,מטריה שוקולד לבן נקו,,,מטריה שוקולד לבן נקו,גרמים,20.00,100 גרם,false,,3.90,0.1950,true,1,1439920
7294442253305,true,פילטר 6,,,פילטר 6,יחידה,0.00,יחידה,false,,0.00,0.0000,true,1,1423350
7294442253312,true,פילטר 6,,,פילטר 6,יחידה,0.00,יחידה,false,,0.00,0.0000,true,1,1423351
7294442368191,true,פילטר 5.3,,,פילטר 5.3,יחידה,0.00,יחידה,false,,0.00,0.0000,true,1,1423352
7296035010203,true,נייר מחשב A4 לבן500,,,נייר מחשב A4 לבן500,יחידה,0.00,יחידה,false,,0.00,0.0000,true,1,1423500
7296082000110,true,30ביצים טריות גודל,,,30ביצים טריות גודל,יחידה,0.00,יחידה,false,,0.00,0.0000,true,1,1423420
7298171178922,false,רביעיית מגבונים מיקי,,,רביעיית מגבונים מיקי,100 יחידה,1.00,100 יחידה,false,,19.90,19.9000,true,1,1441640
7299854145262,false,כוסות נייר שתיה חמה,כוסות שתייה חמה 3 ב,,כוסות נייר שתיה חמה,יחידה,50.00,יחידה,false,,11.90,0.2380,true,1,1434566
7350022390386,true,קקאו הולנדי ואן הוטן,,,קקאו הולנדי ואן הוטן,גרמים,0.00,100 גרם,false,,13.90,0.0000,true,1,1416957
7394376123337,false,"משקה שיבולת שועל אורגני מפוקח ע""י סקאל",טרנסומס פוד איי.בי,,משקה שיבולת שועל אור,מיליליטרים,1000.00,"100 מ""ל",false,,14.50,0.0145,true,1,1432257
7394376615825,false,אוטלי משקה שיבולת שועל מועשר בסידן וויטמינים 1 ליטר,טרנסומס פוד,,משקה שיבולת שועל מוע,מיליליטרים,1000.00,"100 מ""ל",false,,14.50,0.0145,true,1,1432258
7501013122114,false,ג'ומקס מיץ אננס קרטונית ליטר תריסר,חומקס קומר קומרסאליזדורה,,ג'ומקס משקה אננס קרט,מיליליטרים,1000.00,"100 מ""ל",false,,9.50,0.0095,true,1,1410773
7501013132052,true,ג'ומקס נקטר אפרסק בק,,,ג'ומקס נקטר אפרסק בק,מיליליטרים,0.00,"100 מ""ל",false,,10.90,0.0000,true,1,1410777
7501064191398,false,שישיית בירה קורונה אקסטרא *355 מל,קריניציה ויטמינה אס,,בירה קורונה שישייה 3,מיליליטרים,2130.00,"100 מ""ל",false,,34.90,0.0164,true,1,1415206
7506396115890,true,כדור גומי איכותי8.5,,,כדור גומי איכותי8.5,יחידה,0.00,יחידה,false,,0.00,0.0000,true,1,1423502
7610008059080,false,רגוזה-שוקולד מריר טראפל אגוזי לוז 100 גרם,RAGUSA,,שוקולד מריר במילוי א,גרמים,100.00,100 גרם,false,,19.90,0.1990,true,1,1439185
7610400068505,false,לינדט לינדור בונבוניירה שוקולד חלב 200 גרם,לינדט ושפרונגלי קילשברג,,לינדור בונ' מילק 200,גרמים,200.00,100 גרם,false,,29.90,0.1495,true,1,1437555
7610400068529,false,לינדט לינדור בונבוניירה כדורי שוקולד מטעמים 200 גרם,לינדט ושפרונגלי קילשברג,,לינדור בונ' אסורטד 2,גרמים,200.00,100 גרם,false,,29.90,0.1495,true,1,1437556
7613032045753,false,פיטנס - דגני בוקר שוקולד 375 גרם,נסטלה צרפת איטנקורט,,פיטנס שוקולד 375 גרם,גרמים,375.00,100 גרם,false,,19.90,0.0531,true,1,1407485
7613033539107,true,מטרנה מחית תפוח עץ ו,,,מטרנה מחית תפוח עץ ו,גרמים,0.00,100 גרם,false,,5.00,0.0000,true,1,1407489
7613033539121,true,מטרנה מחית סלט פירות,,,מטרנה מחית סלט פירות,גרמים,0.00,100 גרם,false,,5.00,0.0000,true,1,1407490
7613033692383,true,מטרנה מחית תפוחי עץ,,,מטרנה מחית תפוחי עץ,גרמים,0.00,100 גרם,false,,5.00,0.0000,true,1,1407498
7613035809123,false,פרפקטו רוטב עגבניות עם פלפלים אסם 400 גרם,אסם פרפקטו Perfecto,,פרפקטו רוטב עגבניות,גרמים,400.00,100 גרם,false,,9.50,0.0238,true,1,1407508
7613035870024,true,נסטלה נסקוויק סטיקס,,,נסטלה נסקוויק סטיקס,יחידה,0.00,יחידה,false,,9.90,0.0000,true,1,1423945
7613287121783,false,סמארטיס מיני 16*187 גרם,נסטלה גרמניה,,סמארטיס מיני 187 גרם,גרמים,187.00,100 גרם,false,,14.90,0.0797,true,1,1436134
7613287394323,false,דגני בוקר מולטי צ'יריוס 600 גרם,נסטלה פולין דגני בוק,,מולטי ציריוס 600 גרם,גרמים,600.00,100 גרם,false,,22.90,0.0382,true,1,1436101
7622201139278,false,גבינת שמנת 27% שומן 150 ג' פילדלפיה,מיודלז אספניה פרודוק,,גבינת שמנת 27% פילדל,גרמים,150.00,100 גרם,false,,14.90,0.0993,true,1,1428267
7622201521493,false,גבינת פילדלפיה שום ועשבי תיבול 150 גרם,מיודלז אספניה פרודוק,,גבינת שמנת שום ועשבי,גרמים,150.00,100 גרם,false,,14.90,0.0993,true,1,1441060
7622201802363,false,מילקה טבלת שוקולד חלב וצימוקים ואגוזים 100ג',מנדלז דויצ'\לנד סנקס פרו,,שוקולד חלב עם אגוזים,גרמים,100.00,100 גרם,false,,6.90,0.0690,true,1,1437906
7622201819408,false,שוקולד מילקה דרק קרמל 85 גרם.,מונדלז דויטשלנד סנאק,,מילקה דארק קרמל 85 ג,גרמים,85.00,100 גרם,false,,7.90,0.0929,true,1,1438536
7622201819552,false,מילקה דארק שוקולד 85 גרם חדש,מונדלז דויטשלנד סנאק,,מילקה דארק 85 גרם,גרמים,85.00,100 גרם,false,,7.90,0.0929,true,1,1438537
7622210438652,true,קדבורי שוקולד חלב בצ,,,קדבורי שוקולד חלב בצ,יחידה,0.00,יחידה,false,,19.90,0.0000,true,1,1423946
7622210629531,true,קדבורי וויספה שוקולד,,,קדבורי וויספה שוקולד,יחידה,0.00,יחידה,false,,8.90,0.0000,true,1,1420691
7622210826053,false,שוקולד מילקה אוראו סנדוויץ 92 גר',גיאורי קאקסז קייאףטי,,שוקולד מילקה אוראו ס,גרמים,92.00,100 גרם,false,,6.90,0.0750,true,1,1433759
7622210835338,false,אוראו עוגיות ממולאות טעם בראוניז 176 גרם,מנדלז אספנה גאלטס פר,,עוגיות אוראו בראוניז,גרמים,176.00,100 גרם,false,,8.90,0.0506,true,1,1408255
7622210890306,true,קדבורי שוקולד מריר ב,,,קדבורי שוקולד מריר ב,יחידה,0.00,יחידה,false,,8.90,0.0000,true,1,1418358
7622300495046,false,מילקה שוקולד חלב עם אקסטרה קקאו 100 גרם,מנדלז דויצ'\לנד סנקס פרו,,מילקה אקסטרה קקאו 10,גרמים,100.00,100 גרם,false,,6.90,0.0690,true,1,1438538
7622300617820,false,מילקה שוקולד חלב במילוי קרם חלב ווניל ושבבי עוגיות אוראו 100 גרם,מנדלז דויצ'\לנד סנקס פרו,,מילקה אוראו 100 גרם,גרמים,100.00,100 גרם,false,,6.90,0.0690,true,1,1408263
7622400005190,false,שוקולד חלב נגיעות שוקולד לבן מילקה 100 ג,מנדלז דויצ'\לנד סנקס פרו,,שוקולד חלב חום לבן מ,גרמים,100.00,100 גרם,false,,6.90,0.0690,true,1,1409396
7630477891714,false,סטארבקס קפסולות קפה אספרסו 10 יחידות,נסטלה שוויץ - קפה,,קפסולות קפה אספרסו ר,גרמים,57.00,100 גרם,false,,22.90,0.4018,true,1,1432908
7640103867013,false,"שערות סבתא ""תות "" 15 גרם",אסאבא פוד,,שערות סבתא תות 1/24,גרמים,15.00,100 גרם,false,,3.90,0.2600,true,1,1437558
7702018866984,true,"4סכיני גילוח פיוז""ן",,,"4סכיני גילוח פיוז""ן",יחידה,0.00,יחידה,false,,0.00,0.0000,true,1,1423354
7702018980833,false,"ג'ילט ג'ל גילוח סירייס מועשר בלחות - 200 מ""ל",פרוקטר אנד גמבל,,ג'ל גילוח מרכך מטפל,מיליליטרים,200.00,"100 מ""ל",false,,19.90,0.0995,true,1,1416759
7702024074625,false,פיטנס - חטיפי קרקר חיטה מלאה 234 גרם,קומסטיבלס לה רוזה אס.איי,,פיטנס חטיפי קרקר חיט,גרמים,234.00,100 גרם,false,,11.90,0.0509,true,1,1407527
7702174068826,false,יוגטה מבחר סוכריות לקקן קשות ממולאות טופי בטעמי יוגורט ופירות 204 גרם,הדקלאים אגודת שיתופי,,לקקן יוגטה פירות 12,יחידה,12.00,יחידה,false,,10.90,0.9083,true,1,1412408
7750045185684,true,"בושם 20 מ""ל AVENGERS",,,"בושם 20 מ""ל AVENGERS",יחידה,0.00,יחידה,false,,15.90,0.0000,true,1,1425638
7750045186124,true,"בושם 15 מ""ל מיקי מאו",,,"בושם 15 מ""ל מיקי מאו",יחידה,0.00,יחידה,false,,15.90,0.0000,true,1,1425639
7777555503838,false,מתלה כביסה אירופה,,,מתלה כביסה אירופה,יחידה,1.00,יחידה,false,,59.90,59.9000,true,1,1417257
7777555513707,false,מערוך,,,מערוך,יחידה,1.00,יחידה,false,,29.90,29.9000,true,1,1430441
7777555515190,false,מצקת,,,מצקת,יחידה,1.00,יחידה,false,,15.00,15.0000,true,1,1430519
7777886600527,false,רשת צלייה XL,,,רשת צלייה XL,יחידה,1.00,יחידה,false,,19.90,19.9000,true,1,1417303
7777886602316,false,מטאטא בראבה,,,מטאטא בראבה,יחידה,1.00,יחידה,false,,14.90,14.9000,true,1,1417310
7777886604914,false,מחבת יציקה איכותית 28 wood edition,,,מחבת יציקה איכותית 2,יחידה,1.00,יחידה,false,,69.90,69.9000,true,1,1417330
7777886605225,false,קולפן מקצועי רב שימושי,,,קולפן מקצועי רב שימו,יחידה,1.00,יחידה,false,,19.90,19.9000,true,1,1417336
7777886605768,false,יעה פס גומי,,,יעה פס גומי,יחידה,1.00,יחידה,false,,5.00,5.0000,true,1,1434492
7777999910247,false,קערת נירוסטה 26CC,דגש,,קערת נירוסטה 26CC,יחידה,1.00,יחידה,false,,20.00,20.0000,true,1,1430662
7789760854476,true,מקלות סוכריה 15 ס''מ,,,מקלות סוכריה 15 ס''מ,יחידה,0.00,יחידה,false,,7.20,0.0000,true,1,1426707
7861013900960,true,לבבות דקל פרוסות400,,,לבבות דקל פרוסות400,יחידה,0.00,יחידה,false,,5.00,0.0000,true,1,1423140
7891024030974,false,"קולגייט משחת שיניים טריפל אקשן 75 מ""ל",הנסיך- מפעל לייצור ט,,קולגייט טריפל אקשן 7,מיליליטרים,75.00,"100 מ""ל",false,,5.90,0.0787,true,1,1414304
7891024124826,false,"משחת שיניים קולגייט אופטייק וויט 75 מ""ל",הנסיך- מפעל לייצור ט,,משחת שיניים קולגייט,מיליליטרים,75.00,"100 מ""ל",false,,19.90,0.2653,true,1,1414306
7891024128848,true,משחת שיניים טריפל10,,,משחת שיניים טריפל10,יחידה,0.00,יחידה,false,,5.00,0.0000,true,1,1423068
7891024179482,false,"שטיפת פה קולגייט אופטיק וייט 500מ""ל",יבואן ומשווק: ש. שסט,,מי פה לשיניים לבנות,מיליליטרים,500.00,"100 מ""ל",false,,29.90,0.0598,true,1,1414308
8000070081000,false,לוואצה הורמוניקו מס' 8קפסולות לקפה 50 גרם,לאוג'\י לוואצה אס.פי.אי,,קפסולות הרמוניקו חוז,יחידה,10.00,יחידה,false,,19.90,1.9900,true,1,1412412
8000300300390,false,שוקולד קראנץ מריר 10,,,שוקולד קראנץ מריר 10,,1.00,יח,false,,11.90,11.9000,true,1,1442327
8000300389067,false,בונ.באצ'י פרימיום שק125ג,באצי פרוגינה איטליה,,שקית באצ'י 125 גרם,גרמים,125.00,100 גרם,false,,19.90,0.1592,true,1,1442324
8000380004676,false,קוביות וופל סנדוויץ Sandwich עם וניל וחלב,"א. לואקר, קונפקט ג'י",,וופלים עם קרם וניל ל,גרמים,200.00,100 גרם,false,,11.90,0.0595,true,1,1414455
8000380004911,false,קוביות וופל קואדרטיני Quadratini קרם אגוזים,קריניציה ויטמינה אס,,קואדרטיני אגוז 250 ג,גרמים,250.00,100 גרם,false,,13.90,0.0556,true,1,1412424
8000380004966,false,וופל קוארדטיני לואקר קוביות שוקולד 250ג',קריניציה ויטמינה אס,,קואדרטיני שוקולד 250,גרמים,250.00,100 גרם,false,,13.90,0.0556,true,1,1412426
8000380007257,false,וופל גרדנה אגוזים לואקר 200 גרם,קריניציה ויטמינה אס,,גרדנה אגוז 200 גרם,גרמים,200.00,100 גרם,false,,13.90,0.0695,true,1,1412432
8000380106028,false,טורטינה לואקר וופל שוקולד ואגוזים שישיה 125ג',קריניציה ויטמינה אס,,ופל טורטינה קרם אגוז,גרמים,125.00,100 גרם,false,,16.90,0.1352,true,1,1412433
8000380153534,false,מארז וופל שוקולד טורטינה Tortina שוקולד לבן,א. לואקר אס. פי. אי-אי.,,ופל טורטינה מצופה שו,גרמים,125.00,100 גרם,false,,16.90,0.1352,true,1,1412438
8000392006132,false,מגב אייפל פטנט,,,מגב אייפל פטנט,יחידה,1.00,יחידה,false,,26.90,26.9000,true,1,1417339
8000500009673,false,בונבונרייה פררו רושר 300 גרם,פררו - אלבה,,פררו רושה שוקולד חלב,גרמים,300.00,100 גרם,false,,43.90,0.1463,true,1,1414462
8000500023624,false,חטיפי הפי היפו Happy Hippo במילוי קרם חלב וקקאו,פררו - אלבה,,קינדר הפי היפו חמישי,גרמים,103.50,100 גרם,false,,11.90,0.1150,true,1,1415411
8000500023976,false,בונבוניירת רפאלו פררו 150 גרם,פררו - אלבה,,רפאלו 150 גרם,גרמים,150.00,100 גרם,false,,14.90,0.0993,true,1,1415412
8000500026731,false,שוקולד ביצי הפתעה קינדר שלישייה,פררו אס.פי.אי,,קינדר ביצת הפתעה שלש,גרמים,60.00,100 גרם,false,,13.80,0.2300,true,1,1415413
8000500029350,false,מארז וופל מצופה 3יח' *43 גרם קינדר בואנו,פררו - אלבה,,קינדר בואנו שלישיה 3,גרמים,129.00,100 גרם,false,,9.90,0.0767,true,1,1415414
8000500037874,false,בונבוניירת פררו רושה 200 גרם,פררו - אלבה,,פררו רושה 200 גרם,גרמים,200.00,100 גרם,false,,22.90,0.1145,true,1,1415416
8000500071083,false,אצבעות שוקולד קינדר Kinder שש עשרה יחידות,פררו - אלבה,,קינדר אצבעות שוקולד,גרמים,200.00,100 גרם,false,,11.90,0.0595,true,1,1415418
8000500075708,false,ביצי שוקולד הפתעה קינדר ג'וי כחול בנים שלישיה,פררו - אלבה,,קינדר גוי כחול שלשה,גרמים,60.00,100 גרם,false,,13.80,0.2300,true,1,1415419
8000500121436,false,מארז קינדר בואנו Kinder Bueno לבן שלוש יחידות,פררו - אלבה,,קינדר בואנו לבן שלשה,גרמים,117.00,100 גרם,false,,9.90,0.0846,true,1,1415421
8000500227848,false,נוטלה - בי רדי אצבעות ביסקוויט במילוי שוקולד 6 יח' * 22 גרם,פררו,,נוטלה בי רדי 6*22 גר,גרמים,132.00,100 גרם,false,,10.90,0.0826,true,1,1415433
8000500247150,false,פררו רושה קולקשיין קוקוס מילוי קרם ושקד שלם 172ג',פררו,,פררו קולקשיין 172 גר,גרמים,172.00,100 גרם,false,,24.90,0.1448,true,1,1415436
8000500256213,false,קינדר שוקולד מיני בשקית.,פררו - אלבה,,קינדר שוקולד מיני 12,גרמים,120.00,100 גרם,false,,9.90,0.0825,true,1,1415439
8000500269169,false,קינדר קארדס Kinder Cards - חמישייה,קריות זול,,קינדר קרדס 128 גרם,גרמים,128.00,100 גרם,false,,13.90,0.1086,true,1,1418402
8000500386941,false,"ממרח קקאו עם אגוזי לוז, 900 גרם",קדבורי,,ממרח קקאו עם אגוזי ל,גרמים,900.00,100 גרם,false,,29.90,0.0332,true,1,1440388
8000570283607,false,"מרטיני אסטי מבעבע כשר 750 מ""ל קרטונית",מרטיני Martini,,יין מבעבע לבן מתוק מ,מיליליטרים,750.00,"100 מ""ל",false,,70.20,0.0936,true,1,1414896
8000698463295,false,בונבוניירה אלודי 250 גר FELETTI,H.D.I,,בונ' אלודי 250 ג' FE,גרמים,250.00,100 גרם,false,,59.90,0.2396,true,1,1434935
8001003100164,false,יוגטה סוכריות ג'לי בטעמי פירות 450 גרם,יוגטה yogueta,,סוכריות גלי 450 גרם,גרמים,450.00,100 גרם,false,,11.90,0.0264,true,1,1412454
8001003100218,false,סוכריות יוגטה ג'לי פירות 800 גר',תות ממתקי איכות,,יוגטה ג'לי פירות 800,גרמים,800.00,100 גרם,false,,19.90,0.0249,true,1,1412455
8001090026934,true,לנור כדוריות הריח בנ,,,לנור כדוריות הריח בנ,גרמים,0.00,100 גרם,false,,19.90,0.0000,true,1,1416762
8001090026972,true,לנור כדוריות הריח בנ,,,לנור כדוריות הריח בנ,גרמים,0.00,100 גרם,false,,18.90,0.0000,true,1,1416764
8001090678614,false,"שמפו סופרים לחות הד אנד שולדרס 400 מ""ל",הד אנד שולדרס H&S,,הד אנד שולדרס שמפו ס,מיליליטרים,400.00,"100 מ""ל",false,,16.90,0.0422,true,1,1435671
8001090721099,false,טבליות ג'ל לכביסה 3 ב-1 בניחוח אביב הרים,פרוקטר אנד גמבל,,אריאל קפסולות ג'ל 27,יחידה,27.00,יחידה,false,,30.90,1.1444,true,1,1416767
8001090802385,false,קפסולות גל לכביסה טייד בניחוח לנור 26 יח,פרוקטר אנד גמבל,,טייד קפסולות ג'ל בני,יחידה,26.00,יחידה,false,,29.90,1.1500,true,1,1432703
8001090810120,true,פנטן מרכך מרוקאי משק,,,פנטן מרכך מרוקאי משק,יחידה,0.00,יחידה,false,,17.90,0.0000,true,1,1422112
8001090810243,true,פנטן שמפו 3 ב 1 נוסח,,,פנטן שמפו 3 ב 1 נוסח,יחידה,0.00,יחידה,false,,17.90,0.0000,true,1,1422113
8001090810403,true,פנטן שמפו למגע רך כמ,,,פנטן שמפו למגע רך כמ,מיליליטרים,0.00,"100 מ""ל",false,,17.90,0.0000,true,1,1416771
8001090832450,false,"שמפו פנטן הנוסחה הקלאסית 660 מ""ל",פרוקטר אנד גמבל,,פנטן שמפו נוסחה קלאס,מיליליטרים,660.00,"100 מ""ל",false,,19.90,0.0302,true,1,1432704
8001090832535,false,"פנטן שמפו שמן מרוקאי משקם 660 מ""ל",פרוקטר אנד גמבל,,פנטן שמפו שמן מרוקאי,מיליליטרים,660.00,"100 מ""ל",false,,19.90,0.0302,true,1,1432705
8001090832818,false,מרכך פנטן הנוסחה הקלאסית לשיער רגיל ומעורב,פרוקטר אנד גמבל,,פנטן מרכך נוסחה קלאס,מיליליטרים,660.00,"100 מ""ל",false,,19.90,0.0302,true,1,1432710
8001090833167,false,גל כביסה אריאל בניחוח הרים 2.365 ליטר,פרוקטור אנד גמבל,,אריאל ג'ל כביסה ניחו,מיליליטרים,2365.00,"100 מ""ל",false,,27.90,0.0118,true,1,1416772
8001090833198,false,אריאל נוזל כביסה 2.47 ליטר ניחוח מרענן,פרוקטור אנד גמבל,,אריאל ג'ל כביסה ניחו,מיליליטרים,2365.00,"100 מ""ל",false,,27.90,0.0118,true,1,1416773
8001090899194,false,תחבושות אולוויז פלטינום נורמל 24 יחידות,פרוקטר אנד גמבל,,תחבושות אולוויז פלטי,גרמים,156.00,100 גרם,false,,19.90,0.1276,true,1,1434115
8001090899224,false,תחבושות אולוויז פלטינום לונג 20 יחידות,פרוקטר אנד גמבל,,תחבושות אולוויז פלטי,גרמים,132.00,100 גרם,false,,16.90,0.1280,true,1,1434116
8001090899255,false,תחבושות אולוויז פלטינום לילה 16 יחידות,פרוקטר אנד גמבל,,תחבושות אולוויז פלטי,גרמים,120.00,100 גרם,false,,16.90,0.1408,true,1,1434117
8001090899286,false,תחבושות אולוויז פלטינום לילה בטוח 14 יח',פרוקטר אנד גמבל,,תחבושות אולוויז פלטי,גרמים,118.00,100 גרם,false,,16.90,0.1432,true,1,1434118
8001090988768,true,פנטן שמפו הזנת קרטין,,,פנטן שמפו הזנת קרטין,יחידה,0.00,יחידה,false,,17.90,0.0000,true,1,1422114
8001090988881,true,פנטן מרכך למגע רך כמ,,,פנטן מרכך למגע רך כמ,יחידה,0.00,יחידה,false,,17.90,0.0000,true,1,1422115
8001250110015,true,"דפי לזניה 500 ג """,,,"דפי לזניה 500 ג """,יחידה,0.00,יחידה,false,,0.00,0.0000,true,1,1423355
8001250120076,true,"לינגוויני 500 ג """,,,"לינגוויני 500 ג """,יחידה,0.00,יחידה,false,,0.00,0.0000,true,1,1423356
8001250120342,true,"פוזילי 500 ג """,,,"פוזילי 500 ג """,יחידה,0.00,יחידה,false,,0.00,0.0000,true,1,1423357
8001250120410,true,"פנה 500 ג """,,,"פנה 500 ג """,יחידה,0.00,יחידה,false,,0.00,0.0000,true,1,1423358
8001432006020,true,למברוסקו גביולי-רוזה,,,למברוסקו גביולי-רוזה,יחידה,0.00,יחידה,false,,25.90,0.0000,true,1,1425646
8001561301706,true,שימורי טונה 160 גר',,,שימורי טונה 160 גר',יחידה,0.00,יחידה,false,,16.90,0.0000,true,1,1423778
8001618991874,true,רוג'רי מאפה במילוי ק,,,רוג'רי מאפה במילוי ק,יחידה,0.00,יחידה,false,,11.90,0.0000,true,1,1419075
8001620019177,false,"סן בנדטו מים מינרלים בטעם ענבים 500 מ""ל",אקווה מינרלה סאן בנדטו ב,,סן בנדטו ענבים 400 מ,מיליליטרים,400.00,"100 מ""ל",false,,6.90,0.0172,true,1,1440921
8001841062624,false,מארז מגבוני פמפרס ללא בישום - רביעייה,פרוקטר אנד גמבל.,,מגבונים לחים ללא ביש,גרמים,1237.00,100 גרם,false,,19.90,0.0161,true,1,1436478
8001841077949,false,מארז מגבוני פמפרס בניחוח מרענן - רביעייה,פרוקטר אנד גמבל,,מארז מגבונים בניחוח,גרמים,1236.00,100 גרם,false,,19.90,0.0161,true,1,1436479
8001841663692,false,נוזל כלים פיירי אקסט,,,נוזל כלים פיירי אקסט,מיליליטרים,900.00,"100 מ""ל",false,,12.50,0.0139,true,1,1440281
8001841680989,false,מגן תחתון אולוויז מגה פק פרו פרש לארג' 60 יחי,פרוקטר אנד גמבל,,מגן תחתון אולוויז מג,גרמים,214.00,100 גרם,false,,16.90,0.0790,true,1,1434120
8002267002270,false,פולרטי חטיפי קרח 400 מל,שסטוביץ,,פולרטי חטיפי קרח 400,גרמים,400.00,100 גרם,false,,8.90,0.0223,true,1,1412459
8002267016475,false,ביצת שוקולד הפתעה בוב הבנאי שלישייה 60 ג,מולינו ניקולי s.p.a,,ביצת הפתעה צעצוע בוב,גרמים,60.00,100 גרם,false,,11.90,0.1983,true,1,1412462
8002270846472,false,סן פלגרינו מים מינרליים טבעיים מוגזים,סן-פלגרינו,,מים מינרליים סן פלגר,מיליליטרים,500.00,"100 מ""ל",false,,4.90,0.0098,true,1,1442344
8002270866524,false,סן פלגרינו מים מינרליים טבעיים מוגזים,סן פלגרינו San Pellegrino,,סאן פלגרינו 1 ליטר ב,מיליליטרים,1000.00,"100 מ""ל",false,,9.90,0.0099,true,1,1410781
8002325632029,true,ורגאני-תפזורת ורוד מ,,,ורגאני-תפזורת ורוד מ,יחידה,0.00,יחידה,false,,39.90,0.0000,true,1,1423753
8002325632234,true,ורגאני-תפזורת מיקס מ,,,ורגאני-תפזורת מיקס מ,יחידה,0.00,יחידה,false,,39.90,0.0000,true,1,1423755
8002325632623,true,ורגאני-תפזורת צהוב מ,,,ורגאני-תפזורת צהוב מ,יחידה,0.00,יחידה,false,,39.90,0.0000,true,1,1423756
8002325632722,true,ורגאני-תפזורת ירוק מ,,,ורגאני-תפזורת ירוק מ,יחידה,0.00,יחידה,false,,39.90,0.0000,true,1,1425833
8002429004845,true,פרלין פוקסיה פס כסף,,,פרלין פוקסיה פס כסף,יחידה,0.00,יחידה,false,,69.00,0.0000,true,1,1425562
8002429004852,true,פרלין זהב פס כסף פרו,,,פרלין זהב פס כסף פרו,יחידה,0.00,יחידה,false,,69.00,0.0000,true,1,1427325
8002429004869,true,פרלין תכלת פס כסף פר,,,פרלין תכלת פס כסף פר,יחידה,0.00,יחידה,false,,69.00,0.0000,true,1,1425563
8002429009772,true,קוביות קוראדו מיקס ש,,,קוביות קוראדו מיקס ש,יחידה,0.00,יחידה,false,,34.90,0.0000,true,1,1427327
8002429090008,true,שוק' פרלין סגול/תכלת,,,שוק' פרלין סגול/תכלת,קילוגרמים,1.00,"ק""ג",true,,69.00,69.0000,true,1,1425564
8004030022010,false,ירקות גינה עם טונה ריו מרה אינסלטיסימי 160 ג',"בולטון אלימנטרי בע""\מ",,סלט ירקות גינה עם טו,גרמים,160.00,100 גרם,false,,14.90,0.0931,true,1,1414309
8004030026018,false,"מקסיקני עם טונה ריו מרה אינסלטיסימי, 160 ג'","בולטון אלימנטרי בע""\מ",,סלט ירקות שעועית ותי,גרמים,160.00,100 גרם,false,,14.90,0.0931,true,1,1414310
8004030102033,false,טונה בשמן זית עם מיץ לימון ופלפל שחור - מארז 3 יח',בולטון אלימנטרי,,נתחי טונה בהירה בשמן,גרמים,240.00,100 גרם,false,,24.90,0.1037,true,1,1414312
8004275054418,true,"שמן זרעי ענבים 1 ל """,,,"שמן זרעי ענבים 1 ל """,יחידה,0.00,יחידה,false,,0.00,0.0000,true,1,1423397
8004735102611,true,מיני ביצי שוקולד עם,,,מיני ביצי שוקולד עם,יחידה,0.00,יחידה,false,,12.90,0.0000,true,1,1424820
8004800005526,false,וופל מיני רול גלילי ופל במילוי קרם קוקוס- 125 ג' לאגו,לגו גרופ ס.פ.א.,,גלילי ופל במילוי קרם,גרמים,125.00,100 גרם,false,,10.90,0.0872,true,1,1441869
8004905550334,true,מידי עוגיות ספוג איש,,,מידי עוגיות ספוג איש,יחידה,0.00,יחידה,false,,12.50,0.0000,true,1,1418965
8005110002243,false,רכז עגבניות Doppio Concentr בשפופרת 185 ג' MUTTI,"איי, בי, אינבוו",,תרכיז עגבניות 28° בי,גרמים,200.00,100 גרם,false,,7.90,0.0395,true,1,1432855
8005110171215,false,עגבניות חתוכות 690 POLPAPEZZI ג' (כחול) MUTTI,"איי, בי, אינבוו",,עגבניות חתוכות דק מו,גרמים,700.00,100 גרם,false,,14.90,0.0213,true,1,1414491
8005110550508,true,עגבניות שרי40 MUTTI,,,עגבניות שרי40 MUTTI,יחידה,0.00,יחידה,false,,0.00,0.0000,true,1,1423359
8005200156573,false,תה קר נסטי בטעם ענבי,סן-פלגרינו,,נסטי ענבים בקבוק 500,מיליליטרים,500.00,"100 מ""ל",false,,5.80,0.0116,true,1,1410782
8005200256587,false,נסטי - תה קר בטעם אפרסק 1.5 ליטר,מפעל סאנפלגרינו S.P.A,,נסטי אפרסק 1.5 ליטר,מיליליטרים,1500.00,"100 מ""ל",false,,8.90,0.0059,true,1,1438848
8005200316588,false,תה קר דיאט בטעם אפרסק נסטי 1.5 ליטר,מפעל סאנפלגרינו s.p.a,,נסטי דיאט אפרסק 1.5,מיליליטרים,1500.00,"100 מ""ל",false,,8.90,0.0059,true,1,1438850
8006423160743,true,שוק' מטבעות ספארי סו,,,שוק' מטבעות ספארי סו,קילוגרמים,1.00,"ק""ג",true,,69.00,69.0000,true,1,1428063
8006423310186,true,שוק' פרנטה סגול כסוף,,,שוק' פרנטה סגול כסוף,קילוגרמים,1.00,"ק""ג",true,,65.00,65.0000,true,1,1428077
8006423310599,true,שוק' מש' פרטה לבן 1ק,,,שוק' מש' פרטה לבן 1ק,קילוגרמים,1.00,"ק""ג",true,,65.00,65.0000,true,1,1428078
8006423361492,true,שוק' מש' סוריני טופ,,,שוק' מש' סוריני טופ,יחידה,0.00,יחידה,false,,65.00,0.0000,true,1,1425309
8006423462359,true,בונ' סוריני לב טופ ז,,,בונ' סוריני לב טופ ז,יחידה,0.00,יחידה,false,,30.00,0.0000,true,1,1425310
8006423466388,false,בונבוניירה תיק זהב/כסף 150 גר SORINI,SORINI-Holding Dolci,,בונ' תיק גליטר זהב/,גרמים,150.00,100 גרם,false,,41.90,0.2793,true,1,1434946
8006423468801,false,בונבוניירה סוריני טיפי כדור 30 גר,HDI SORINI,,בונ' סוריני משושה 34,גרמים,340.00,100 גרם,false,,30.00,0.0882,true,1,1419383
8007178120310,true,חומץ בלסמי ג'ייקובסי,,,חומץ בלסמי ג'ייקובסי,יחידה,0.00,יחידה,false,,24.90,0.0000,true,1,1426749
8007227062257,true,סרט 500 יארד שחור,,,סרט 500 יארד שחור,יחידה,0.00,יחידה,false,,9.90,0.0000,true,1,1426476
8007227234500,true,סרט 500 יארד - דשא,,,סרט 500 יארד - דשא,יחידה,0.00,יחידה,false,,9.90,0.0000,true,1,1426477
8007315069700,false,בועות סבון איטלקי- כ,,,בועות סבון איטלקי- כ,יחידה,1.00,יחידה,false,,2.30,2.3000,true,1,1426479
8008429025286,true,שוק' מש' פילינג מנטה,,,שוק' מש' פילינג מנטה,קילוגרמים,1.00,"ק""ג",true,,69.00,69.0000,true,1,1425316
8008429029239,true,שוק' מש' ל.סוכר קוור,,,שוק' מש' ל.סוכר קוור,קילוגרמים,1.00,"ק""ג",true,,115.00,115.0000,true,1,1425318
8008429258127,true,שוק' כוכב אדום מש' ל,,,שוק' כוכב אדום מש' ל,קילוגרמים,1.00,"ק""ג",true,,69.00,69.0000,true,1,1425324
8008660210038,false,מעדן ריבה מנץ אנד גאססר תות שדה 300 גר,קריניציה ויטמינה אס,,מעדן תות שדה ויסוצק,גרמים,300.00,100 גרם,false,,16.90,0.0563,true,1,1437682
8008743005810,true,שוק' מש' פרלין שוקול,,,שוק' מש' פרלין שוקול,יחידה,0.00,יחידה,false,,49.90,0.0000,true,1,1425256
8008743005841,true,שוק' מש' פרלין ירוק,,,שוק' מש' פרלין ירוק,יחידה,0.00,יחידה,false,,49.90,0.0000,true,1,1425257
8008743036647,true,בונ' פרלינים שוק' חל,,,בונ' פרלינים שוק' חל,יחידה,0.00,יחידה,false,,20.00,0.0000,true,1,1425260
8008743046967,true,פרלין שוקולד מריר 72,,,פרלין שוקולד מריר 72,יחידה,0.00,יחידה,false,,8.00,0.0000,true,1,1419165
8008743046974,true,פרלין שוקולד קקאו 96,,,פרלין שוקולד קקאו 96,יחידה,0.00,יחידה,false,,8.00,0.0000,true,1,1419166
8008743046981,true,פרלין שוקולד ק.אגוז,,,פרלין שוקולד ק.אגוז,יחידה,0.00,יחידה,false,,8.00,0.0000,true,1,1425262
8008743047780,true,פנטזי קרם חלב תכלת 1,,,פנטזי קרם חלב תכלת 1,קילוגרמים,1.00,"ק""ג",true,,69.00,69.0000,true,1,1427070
8008857200057,false,פסטה רג'ייה ספגטי שטוח 500 גר',רגיה,,פסטה לינגוויני פסטה,גרמים,500.00,100 גרם,false,,5.90,0.0118,true,1,1407890
8008857300580,false,פסטה רגיה 58 סהרון תומר 500 גרם,,,פסטה קרניים פסטה רג',גרמים,500.00,100 גרם,false,,5.90,0.0118,true,1,1407897
8008857300634,false,פסטה רגיה 19 תלתל תומר 500 גרם,פאסטופיציו אנטוניו,,פסטה קוואטאפי פסטה ר,גרמים,500.00,100 גרם,false,,5.90,0.0118,true,1,1407900
8008857300641,false,פסטה ניוקי פסטה רג'י,רגיה,,פסטה ניוקי פסטה רג'י,גרמים,500.00,100 גרם,false,,5.90,0.0118,true,1,1407901
8008857310480,true,פסטה רג'ייה פוזילי 1,,,"פסטה רג""ייה פוזילי1",יחידה,0.00,יחידה,false,,6.00,0.0000,true,1,1423120
8008857500003,false,פסטה רגיה אטריות עגולות דקות תומר 500 גרם,פסטה רג'יה Pasta Reggia,,פסטה קאפלי פסטה רג'י,גרמים,500.00,100 גרם,false,,8.90,0.0178,true,1,1407905
8008912010317,false,LIGUORI פסטה פוזילי 500 גרם מספר 31,פסטה ליגורי,,פסטה פוזילי 31 ליגור,גרמים,500.00,100 גרם,false,,7.90,0.0158,true,1,1439079
8009149000119,true,קמח תירס (פולנטה) 1ק,,,קמח תירס (פולנטה) 1ק,יחידה,0.00,יחידה,false,,14.90,0.0000,true,1,1426760
8009470006613,false,להאשט כתום מעדן טונה וסלמון 80 גר',,,מזון לחתול מעדן טונה,גרמים,80.00,100 גרם,false,,6.90,0.0863,true,1,1434263
8009470006637,false,מעדן טונה וסורימי ורוד להשאט 80 גר',,,מזון לחתול מעדן טונה,גרמים,80.00,100 גרם,false,,6.90,0.0863,true,1,1434264
8009470006644,false,מזון לחתול מעדן טונה,,,מזון לחתול מעדן טונה,גרמים,80.00,100 גרם,false,,6.90,0.0863,true,1,1434265
8009470009027,false,סימבה שימורים לכלבים עוף והודו 415 ג',אמ.או.אן.ג'י.אי.אמונ,,מזון לח לכלבים בטעם,גרמים,415.00,100 גרם,false,,4.90,0.0118,true,1,1410358
8009470009072,false,סימבה שימורי חתולים בטעם עוף 415ג',אמ.או.אן.ג'י.אי.אמונ,,מזון לחתולים בטעם עו,גרמים,415.00,100 גרם,false,,4.90,0.0118,true,1,1410359
8009470009171,false,סימבה שימורים לכלבים צייד 415 ג',אמ.או.אן.ג'י.אי.אמונ,,מזון לח לכלבים בטעם,גרמים,415.00,100 גרם,false,,4.50,0.0108,true,1,1410362
8009470009232,false,מעדן לחתול דג 100 ג' סימבה,,,מעדן חתולים בטעמים,גרמים,100.00,100 גרם,false,,4.50,0.0450,true,1,1438441
8009470009409,false,מעדן לחתול להשאט תכל,,,מזון לחתול מעדן טונה,גרמים,80.00,100 גרם,false,,6.90,0.0863,true,1,1435644
8009470009430,false,מעדן טונה וסורימי ורוד להשאט 80 גר',,,מזון לחתול מעדן טונה,גרמים,80.00,100 גרם,false,,6.90,0.0863,true,1,1435646
8009470009447,false,מעדן טונה וסלמון כתום להשאט 80 גר',,,מזון לחתול מעדן טונה,גרמים,80.00,100 גרם,false,,6.90,0.0863,true,1,1435647
8009470009546,false,סימבה שימורי חתולים בטעם כבש 500ג',אמ.או.אן.ג'י.אי.אמונ,,אוכל לחתולים בטעם כב,גרמים,415.00,100 גרם,false,,4.90,0.0118,true,1,1410365
8009470009560,true,"סימבה יבש לכלבים 4ק""",,,"סימבה יבש לכלבים 4ק""",יחידה,0.00,יחידה,false,,34.90,0.0000,true,1,1425900
8009470016063,false,"סימבה מזון לחתולים עוף 2 ק""ג",אמ.או.אן.ג'י.אי.אמונ,,מזון יבש לחתולים עם,גרמים,2000.00,100 גרם,false,,34.90,0.0174,true,1,1421917
8015565030104,true,לורירי פרולטי עוגיות,,,לורירי פרולטי עוגיות,יחידה,0.00,יחידה,false,,4.90,0.0000,true,1,1419076
8015997000911,true,מאריני -בישקוטים200,,,מאריני -בישקוטים200,יחידה,0.00,יחידה,false,,5.00,0.0000,true,1,1423578
8017494077038,true,וילה סאנדי מוסקטו דו,,,וילה סאנדי מוסקטו דו,יחידה,0.00,יחידה,false,,39.00,0.0000,true,1,1425369
8019428007005,true,"חלב סויה אורגני 1 ל""",,,"חלב סויה אורגני 1 ל""",יחידה,0.00,יחידה,false,,0.00,0.0000,true,1,1423360
8021886028010,true,100בלוני מים,,,100בלוני מים,יחידה,0.00,יחידה,false,,0.00,0.0000,true,1,1423361
8022470213409,false,דרגיה שקד לבן 500 גר PRISCO MAX,ITALIANA CONFETTI-PR,,דרג'ה אגוזי לוז שקד,גרמים,500.00,100 גרם,false,,49.90,0.0998,true,1,1421500
8022470226409,false,דרזה מקסטרים ביסקווי,ITALIANA CONFETTI-PR,,שוק' מש' דרג'ה ביסקו,גרמים,500.00,100 גרם,false,,25.90,0.0518,true,1,1425328
8022470226607,true,דרג'ה מש' מקס אננס ח,,,דרג'ה מש' מקס אננס ח,יחידה,0.00,יחידה,false,,25.90,0.0000,true,1,1425330
8022470253610,false,דרגה ליקר לימונצלו בשוקולד לבן 500 גר,,,דרג'ה אגוזי לוז ליקר,גרמים,500.00,100 גרם,false,,49.90,0.0998,true,1,1439141
8023492000091,false,סטיק שוקולד גינדויה חלב עם אגוז 150 DG 3,די.גי 3 דולצאריה ס.ר,,שוקולד ג'נדויה חלב ע,גרמים,150.00,100 גרם,false,,14.90,0.0993,true,1,1419404
8023492000671,false,סטיק שוקולד מריר אגוזים ותפוז 150 ג DG 3,די.גי 3 דולצאריה ס.ר,,סטיק שוקולד מריר עם,גרמים,150.00,100 גרם,false,,14.90,0.0993,true,1,1419406
8023492004334,false,טורונה גיאנדויה שקדי,די.גי 3 דולצאריה ס.ר,,סטיק נוגט טורונה עם,גרמים,150.00,100 גרם,false,,14.90,0.0993,true,1,1436554
8023492004501,false,טבלת שוקולד מריר אגוזי לוז 225 גר DJ3,Dg3 dolciaria,,שוקולד מריר עם אגוזי,גרמים,226.00,100 גרם,false,,14.90,0.0659,true,1,1440019
8023492004518,false,טבלת שוקולד מריר שקדים 225 גר DJ3,Dg3 dolciaria,,שוקולד מריר עם שקדים,גרמים,228.00,100 גרם,false,,14.90,0.0654,true,1,1440020
8026327430124,false,ממחטות אף כיס 10 יח,,,ממחטות אף כיס 10,יחידה,10.00,יחידה,false,,7.90,0.7900,true,1,1410366
8076802085738,false,ברילה - צ.ק פנה רגטה חדש 500 גרם,ברילה גי.אי.אר פרטלי ס.פ,,פסטה פנה רגטה מספר 7,גרמים,500.00,100 גרם,false,,6.90,0.0138,true,1,1414323
8076802085837,false,ברילה - צ.ק טורטליוני מס83 500 גרם,הנסיך- מפעל לייצור ט,,פסטה טורטיליוני מספר,גרמים,500.00,100 גרם,false,,6.90,0.0138,true,1,1414324
8076808060654,false,פסטה פרפלה מספר 65 ברילה 500 גרם,ברילה גי.אי.אר פרטלי ס.פ,,פסטה פרפלה מספר 64 ב,גרמים,500.00,100 גרם,false,,6.90,0.0138,true,1,1414328
8076809512268,false,פסטה גירנדולה טורסדס מספר 34 ברילה 500 גרם,ברילה גי.אי.אר פרטלי ס.פ,,פסטה גירנדולה מספר 3,גרמים,500.00,100 גרם,false,,6.90,0.0138,true,1,1414330
8076809523738,false,דפי לזניה ברילה 500 גרם,ברילה גי.אי.אר פרטלי ס.פ,,ברילה צ.מ לזניה 500,גרמים,500.00,100 גרם,false,,19.90,0.0398,true,1,1414340
8231238060302,true,מיחם לשבת ללא טבילה,,,מיחם לשבת ללא טבילה,יחידה,0.00,יחידה,false,,149.90,0.0000,true,1,1431213
8231298060601,true,מיחם לשבת ללא טבילה,,,מיחם לשבת ללא טבילה,יחידה,0.00,יחידה,false,,239.90,0.0000,true,1,1431216
8410104035112,true,פיניש נוזל הברקה400,,,פיניש נוזל הברקה400,יחידה,0.00,יחידה,false,,0.00,0.0000,true,1,1423363
8410104045111,false,"פיניש מלח למדיח כלים 2ק""ג",רקיט בנקיזר,,מלח למדיח כלים פיניש,גרמים,2000.00,100 גרם,false,,14.90,0.0075,true,1,1436293
8410109055887,false,שוקולד מריר ללא תוספ,,,שוקולד מריר ללא תוספ,גרמים,100.00,100 גרם,false,,12.90,0.1290,true,1,1437940
8410261206028,true,דון סימון אדום 3 ליט,,,דון סימון אדום 3 ליט,יחידה,0.00,יחידה,false,,74.90,0.0000,true,1,1425370
8410261206042,true,דון סימון לבן 3 ליטר,,,דון סימון לבן 3 ליטר,יחידה,0.00,יחידה,false,,74.90,0.0000,true,1,1425371
8410342005632,false,טוראס שוקולד חלב שקד ללא סוכר 75 גרם,,,טוראס-שוקולד חלב 75,גרמים,75.00,100 גרם,false,,9.90,0.1320,true,1,1409339
8410376014051,false,גולון-קרקר פיק מיניס 350 גר,GULLON,,גולון-קרקר פיק מיניס,גרמים,350.00,100 גרם,false,,10.90,0.0311,true,1,1432358
8410376014068,false,גולון קרקר פיק דגיגים 350גר,GULLON,,גולון-קרקר פיק דגים,גרמים,350.00,100 גרם,false,,10.90,0.0311,true,1,1432359
8410510070288,true,Dulcinea בונבוניירה,,,Dulcineaבונבוניירה,יחידה,0.00,יחידה,false,,5.00,0.0000,true,1,1423373
8410644611203,true,קאווה יבש אימבריקה 7,,,קאווה יבש אימבריקה7,יחידה,0.00,יחידה,false,,0.00,0.0000,true,1,1423421
8410740050623,true,טראפלס בטעם שוקולד1,,,טראפלס בטעם שוקולד1,יחידה,0.00,יחידה,false,,5.00,0.0000,true,1,1423016
8411500105171,true,דאמל לקריץ שטוח קולה,,,דאמל לקריץ שטוח קולה,יחידה,0.00,יחידה,false,,34.90,0.0000,true,1,1424976
8411500113213,true,דאמל גומי בצורת פרפר,,,דאמל גומי בצורת פרפר,יחידה,0.00,יחידה,false,,20.00,0.0000,true,1,1424980
8411500114517,true,דאמל גומי מסוכר בצור,,,דאמל גומי מסוכר בצור,יחידה,0.00,יחידה,false,,20.00,0.0000,true,1,1424981
8411500118935,true,דאמל ליקריץ שטוח קול,,,דאמל ליקריץ שטוח קול,יחידה,0.00,יחידה,false,,34.90,0.0000,true,1,1424986
8411500120020,true,לקריץ חתוך תות ממולא,,,לקריץ חתוך תות ממולא,יחידה,0.00,יחידה,false,,29.00,0.0000,true,1,1424989
8411500213319,true,גומי צ'יפלס לב אפרסק,,,גומי צ'יפלס לב אפרסק,יחידה,0.00,יחידה,false,,20.00,0.0000,true,1,1424998
8411500218871,true,"גומי דאמל 1 ק""ג דובי",,,"גומי דאמל 1 ק""ג דובי",יחידה,0.00,יחידה,false,,20.00,0.0000,true,1,1426783
8411500219793,true,דאמל גומי בצורת בקבו,,,דאמל גומי בצורת בקבו,יחידה,0.00,יחידה,false,,20.00,0.0000,true,1,1425000
8411823509915,true,שוק' מטריה עם תליון-,,,שוק' מטריה עם תליון-,יחידה,0.00,יחידה,false,,3.90,0.0000,true,1,1426484
8412168002529,false,"מחייה 13 משקה בטעם לימונים, 700 מ""ל",דיסטיליארס לה הורטנה,,ערק מחייה 13 לימונים,מיליליטרים,700.00,"100 מ""ל",false,,57.20,0.0817,true,1,1425948
8413178317108,true,סוכ' לקקן זום צבעוני,,,סוכ' לקקן זום צבעוני,יחידה,0.00,יחידה,false,,110.00,0.0000,true,1,1425008
8413178331500,true,"""סוכ' לקקן זום פטל 3",,,"""סוכ' לקקן זום פטל 3",יחידה,0.00,יחידה,false,,110.00,0.0000,true,1,1421398
8413178334624,true,גומי נחש קולה חמוץ ב,,,גומי נחש קולה חמוץ ב,יחידה,0.00,יחידה,false,,22.90,0.0000,true,1,1426790
8413209310276,true,סוכ' בטעם לימון מנטו,,,סוכ' בטעם לימון מנטו,קילוגרמים,1.00,"ק""ג",true,,29.90,29.9000,true,1,1425013
8413907638900,false,מטריות וקסמן 32 יח',,,מטריות שוקולד 1/32 (,יחידה,32.00,יחידה,false,,2.90,0.0906,true,1,1418553
8420639810436,true,דלי-ים קטן הפוני הקט,,,דלי-ים קטן הפוני הקט,יחידה,0.00,יחידה,false,,6.90,0.0000,true,1,1426714
8420708012822,false,"גבינת קשקבל ספרדי, 200 גרם",מיוצר עי קונדיטוריית,,קשקבל בשלה 200 גרם,גרמים,200.00,100 גרם,false,,23.90,0.1195,true,1,1409140
8420822130600,false,"ספריי סופר מסיר שומנים 750מ""ל יעקבי",קה לורדה,,KH-7 סופר מסיר שומני,מיליליטרים,750.00,"100 מ""ל",false,,18.90,0.0252,true,1,1439126
8423207208871,false,פריכיות תירס בטעם טבעי סלים דליס 130 גרם,סלים דליס Slim Delis,,פרכיות תירס בטעם טבע,גרמים,123.00,100 גרם,false,,9.90,0.0805,true,1,1408877
8423207210942,false,חטיף דגנים מצופה שוקולד לבן ופירות יער,נוטרישן אנד סנטה קוב,,חטיף דגנים מצופה שוק,יחידה,5.00,יחידה,false,,10.90,2.1800,true,1,1432504
8425206000081,false,ריבת חלב מרדל 450 גרם,כלורוקס אוקלנד,,ריבת חלב 450 גרם,גרמים,450.00,100 גרם,false,,20.90,0.0464,true,1,1440359
8435495807636,false,ג'ל כביסה היפואלרגני 2 ל' תינוקלין,פרוקטר אנד גמבל,,ג'ל כביסה בייבי סנסי,מיליליטרים,2000.00,"100 מ""ל",false,,33.90,0.0169,true,1,1422013
8437015910666,true,חומץ תפוחים אורגני1,,,חומץ תפוחים אורגני1,יחידה,0.00,יחידה,false,,0.00,0.0000,true,1,1423365
8519899099900,true,מייבש שיער מקצועי +ד,,,מייבש שיער מקצועי +ד,יחידה,0.00,יחידה,false,,149.90,0.0000,true,1,1431248
8593875217816,true,בירה ברמברג פחית 44,,,בירה ברמברג פחית44,יחידה,0.00,יחידה,false,,5.00,0.0000,true,1,1423089
8595600915028,false,Imagine VIP 3in1 Ext,,,Imagine VIP 3in1 Ext,יחידה,1.00,יחידה,false,,9.90,9.9000,true,1,1439833
8680202110848,false,שמרים נמסים בואקום 4,DOSU MAYA,,שמרים נמסים בואקום 4,גרמים,454.00,100 גרם,false,,14.00,0.0308,true,1,1410368
8681554607482,false,סבון ידיים רויאל אדום,,,סבון דה רויאל גארדן,100 יחידה,1.00,100 יחידה,false,,10.90,10.9000,true,1,1441644
8681554610208,false,סבון דה רויאל שמן זי,,,סבון דה רויאל שמן זי,100 יחידה,1.00,100 יחידה,false,,14.90,14.9000,true,1,1441645
8683323063024,false,יוגטה שטיחים בטעם תותי פרוטי 220 גרם,ליימן מותגים,,יוגטה שטיחים תותי פר,גרמים,220.00,100 גרם,false,,9.90,0.0450,true,1,1412484
8690526049335,false,אי טי אי - שוקולד חלב עם פיסטוק 90 גרם,,,שוקולד חלב עם פיסטוק,גרמים,90.00,100 גרם,false,,6.50,0.0722,true,1,1440949
8690570531022,true,מיכל מילוי AIR WICK,,,מיכל מילוי AIR WICK,מיליליטרים,0.00,"100 מ""ל",false,,14.90,0.0000,true,1,1415106
8690582232405,true,"פחית בירה 500 מ""לVE",,,"פחית בירה 500 מ""לVE",יחידה,0.00,יחידה,false,,5.00,0.0000,true,1,1423087
8690637041143,false,"מרכך שיער לשיער פגום דאב 400 מ""ל",יונילוור סנאיי וי ט,,דאב מרכך לשיער פגום,מיליליטרים,400.00,"100 מ""ל",false,,15.90,0.0398,true,1,1409936
8690637555084,false,"מרכך כביסה מרוכז אקסטרה פריחת התפוז בדין 960 מ""ל",יוניליוור סנאיי וי טיקאר,,מרכך כביסה מרוכז לבן,מיליליטרים,960.00,"100 מ""ל",false,,15.90,0.0166,true,1,1409942
8690637600258,true,רקסונה גבר אנבזבל סט,,,רקסונה גבר אנבזבל סט,יחידה,0.00,יחידה,false,,26.90,0.0000,true,1,1425860
8690637842399,false,מאגדת מגנום מיני דאבל פרי יער שוקולד 6 יח' נסטלה,יוניליוור סנאי וי סי,,מיני מגנום דאבל פרי,יחידה,6.00,יחידה,false,,27.90,4.6500,true,1,1416847
8690637858741,false,ג'ל לניקוי כללי בתוספת אקונומיקה בניחוח רוח ים,סיף פנטסטיק Cif Fantastic,,סיף ג'ל אקונומיקה רו,מיליליטרים,750.00,"100 מ""ל",false,,9.90,0.0132,true,1,1421860
8690637865596,false,תחליב רחצה לניקוי וטיפוח עור הידיים,קוסטר אירוסול ולף סנ,,דאב סבון ידיים הזנה,מיליליטרים,500.00,"100 מ""ל",false,,14.90,0.0298,true,1,1409950
8690637976995,false,"מרכך כביסה מרוכז אקסטרה ורוד סחלבים פראי בדין 960 מ""ל",יוניליוור סנאיי וי טיקאר,,מרכך בדין אקסטרה ורו,מיליליטרים,960.00,"100 מ""ל",false,,17.90,0.0186,true,1,1433977
8690766156367,false,גודייבה שוקולד חלב מעולה 90 גרם,"אולקר מקבוצת פלאדיס,",,שוקולד חלב מעולה 90,גרמים,90.00,100 גרם,false,,14.90,0.1656,true,1,1406749
8690766156374,false,גודייבה שוקולד מריר מעולה 72% מוצקי קקאו 72גרם,"אולקר מקבוצת פלאדיס,",,שוקולד מריר מעולה 72,גרמים,90.00,100 גרם,false,,14.90,0.1656,true,1,1406750
8690766156398,false,"שוקולד חלב מעולה בתוספת שברי שקדים קלויים,דבש ומלח 90 גרם","אולקר מקבוצת פלאדיס, ציק",,שוקולד חלב מעולה בתו,גרמים,90.00,100 גרם,false,,14.90,0.1656,true,1,1406751
8690777206051,false,חציל קלוי על האש סרה ויליפוד 650 גרם,קוראהן פזלרמה וי דיס,,חציל קלוי על האש בצנ,גרמים,650.00,100 גרם,false,,12.90,0.0198,true,1,1408633
8691257500393,true,צלחת חד פעמי עמוקה5,,,צלחת חד פעמי עמוקה5,יחידה,0.00,יחידה,false,,0.00,0.0000,true,1,1423585
8691899052014,true,"כוסות אושר ע100 .יח""",,,"כוסות אושר ע100 .יח""",יחידה,0.00,יחידה,false,,0.00,0.0000,true,1,1423366
8691900169595,true,תחבושות קוטקס אולטרה,,,תחבושות קוטקס אולטרה,יחידה,0.00,יחידה,false,,12.90,0.0000,true,1,1425946
8691900169618,true,תחבושות קוטקס אולטרה,,,תחבושות קוטקס אולטרה,יחידה,0.00,יחידה,false,,12.90,0.0000,true,1,1423914
8692544002743,true,סוכריות קופצות,,,סוכריות קופצות,יחידה,0.00,יחידה,false,,1.50,0.0000,true,1,1419875
8697431460064,false,קונפיטורה משמש 70% פרי פרופה 454 גר',פרוטנגו Fruitango,,קונפיטורה 70% מישמש,גרמים,450.00,100 גרם,false,,15.50,0.0344,true,1,1407911
8697431460217,false,קונפיטורה 70% תפוזים 450 ג' FRUPPA,פרוטנגו Fruitango,,קונפיטורה 70% תפוזים,גרמים,450.00,100 גרם,false,,15.50,0.0344,true,1,1407912
8697431921701,false,קונפיטורה תות שדה 70% פרי פרופה 454 גר',פרוטנגו Fruitango,,קונפטורה 70% תות שדה,גרמים,450.00,100 גרם,false,,15.50,0.0344,true,1,1407914
8697431921718,false,קונפיטורה דובדבן חמוץ 70% פרי פרופה 454 גר',פרוטנגו Fruitango,,קונפיטורה 70% דובדבן,גרמים,450.00,100 גרם,false,,15.50,0.0344,true,1,1407915
8697659210878,true,דאודורנט ניוטרון200,,,דאודורנט ניוטרון200,יחידה,0.00,יחידה,false,,5.00,0.0000,true,1,1423017
8697659224868,true,דאודורנט הגל הירוק1,,,דאודורנט הגל הירוק1,יחידה,0.00,יחידה,false,,5.00,0.0000,true,1,1423088
8697781933935,true,"מרקיה לבן 25 יח """,,,"מרקיה לבן 25 יח """,יחידה,0.00,יחידה,false,,0.00,0.0000,true,1,1423367
8698701000522,true,בונ' דרג'ה פירות ואג,,,בונ' דרג'ה פירות ואג,יחידה,0.00,יחידה,false,,24.90,0.0000,true,1,1425608
8698701014406,false,בונבוניירה טראפל ספר,,,בונבוניירה טראפל ספר,גרמים,288.00,100 גרם,false,,44.90,0.1559,true,1,1442160
8699273552587,true,קערה WINDMILL לבן-אר,,,קערה WINDMILL לבן-אר,יחידה,0.00,יחידה,false,,6.90,0.0000,true,1,1427090
8710103619321,true,מכונת גלוח נשטפת במי,,,מכונת גלוח נשטפת במי,יחידה,0.00,יחידה,false,,149.90,0.0000,true,1,1431274
8710398502933,true,צ'יפס לייס סטקס בטעם,,,צ'יפס לייס סטקס בטעם,יחידה,0.00,יחידה,false,,7.90,0.0000,true,1,1418450
8710438009576,true,"סטייק צ""יפס מקיין2.",,,"סטייק צ""יפס מקיין2.",יחידה,0.00,יחידה,false,,0.00,0.0000,true,1,1423368
8710448569879,true,"מיונז לחיץ 750 מ""ל ר",,,"מיונז לחיץ 750 מ""ל ר",יחידה,0.00,יחידה,false,,19.90,0.0000,true,1,1416960
8710448580089,true,מיונז לחיץ רמייה 500,,,מיונז לחיץ רמייה 500,יחידה,0.00,יחידה,false,,12.00,0.0000,true,1,1416961
8710448595199,true,רוטב מעושן בלק גק 45,,,רוטב מעושן בלק גק 45,מיליליטרים,0.00,"100 מ""ל",false,,15.90,0.0000,true,1,1416963
8710448680321,true,מיו הולנדי גאודה 850,,,מיו הולנדי גאודה 850,יחידה,0.00,יחידה,false,,21.90,0.0000,true,1,1416964
8710482001175,true,לחם שיפון פומפרניקל,,,לחם שיפון פומפרניקל,יחידה,0.00,יחידה,false,,13.90,0.0000,true,1,1426761
8710488190651,true,כרוב כבוש הולנדי550,,,כרוב כבוש הולנדי550,יחידה,0.00,יחידה,false,,0.00,0.0000,true,1,1423369
8710496976940,true,פיצפוצי שוקולד מריר,,,פיצפוצי שוקולד מריר,גרמים,0.00,100 גרם,false,,19.90,0.0000,true,1,1416965
8710496976964,true,פיצפוצי שוקולד חלב א,,,פיצפוצי שוקולד חלב א,גרמים,0.00,100 גרם,false,,19.90,0.0000,true,1,1416966
8711000371176,false,ג'ייקובס קפסולות קפה אספרסו קלאסיקו עוצמה 7,ג'ייקובס דאו אגברטס צרפת,,ג'ייקובס קפסולות קפה,גרמים,52.00,100 גרם,false,,16.90,0.3250,true,1,1435124
8711000371206,false,ג'ייקובס קפסולות קפה אספרסו ריסטרטו עוצמה 12,ג'ייקובס דאו אגברטס צרפת,,ג'ייקובס קפסולות קפה,גרמים,52.00,100 גרם,false,,16.90,0.3250,true,1,1408278
8711200425990,true,חמאת בוטנים 350 גר ח,,,חמאת בוטנים 350 גר ח,יחידה,0.00,יחידה,false,,19.90,0.0000,true,1,1424921
8711200426034,true,חמאת בוטנים 350 גר ק,,,חמאת בוטנים 350 גר ק,יחידה,0.00,יחידה,false,,19.90,0.0000,true,1,1424922
8711281013345,true,חרדל הולנדי גרגירים,,,חרדל הולנדי גרגירים,גרמים,0.00,100 גרם,false,,11.90,0.0000,true,1,1416967
8711327475717,false,מגנום פיינט וניל שקדים 260 גרם,"מפעל גלידות בווספרם, רחו",,מגנום פיינט וניל שקד,גרמים,260.00,100 גרם,false,,20.90,0.0804,true,1,1434421
8712000051099,false,"שישיית בירה היינקן 0% אלכוהל בקבוק 330 מ""ל","מבשלת היינקן, ריטבלדנברג",,"היינקן 330 מ""ל מארז",מיליליטרים,1980.00,"100 מ""ל",false,,29.90,0.0151,true,1,1427989
8712400802536,false,תרכובת מזון המשך לפעוטות על בסיס חלב שלב 3,נוטרישיה קאלק ב. ו.,,תחליפי חלב אם חלבי נ,גרמים,800.00,100 גרם,false,,68.90,0.0861,true,1,1428965
8712561594240,false,"דאב תחליב רחצה להזנה עמוקה500 מ""ל-מרכז","יוניליוור גרמניה, Gmbh &",,תחליב רחצה הזנה עמוק,מיליליטרים,500.00,"100 מ""ל",false,,14.90,0.0298,true,1,1409970
8712561676106,true,וזלין ספרי קקאו 6X19,,,וזלין ספרי קקאו 6X19,יחידה,0.00,יחידה,false,,35.90,0.0000,true,1,1423801
8712561692533,true,וזלין ספרי אלוורה 19,,,וזלין ספרי אלוורה 19,יחידה,0.00,יחידה,false,,35.90,0.0000,true,1,1423802
8712566050116,true,חמאת בוטנים קאלווה 3,,,חמאת בוטנים קאלווה 3,גרמים,0.00,100 גרם,false,,19.90,0.0000,true,1,1416969
8714599104330,false,ג'ייקובס קפה שחור 85 גרם קלוי וטחון טורקי,ג'ייקובס Jacobs,,ג'ייקובס קפה שחור 85,גרמים,85.00,100 גרם,false,,7.90,0.0929,true,1,1429524
8714599410530,false,גייקובס קרונינג שקית רפיל 200 גרם,ג'יי.די.אי.,,ג'ייקובס קרוננג 200,גרמים,200.00,100 גרם,false,,19.90,0.0995,true,1,1408279
8714599513828,false,ג'ייקובס קרוננג מיובש בהקפאה 47.5 גרם צנצנת,מאיר בייגל,,קפה נמס מיובש בהקפאה,גרמים,47.50,100 גרם,false,,6.90,0.1453,true,1,1408283
8714599513866,false,"קפה נמס מיובש בהקפאה קרונג צנצנת ג'ייקובס 200 גרם לל""ס",אל.אל.סי גייקובס דאו,,קפה נמס מיובש בהקפאה,גרמים,200.00,100 גרם,false,,24.90,0.1245,true,1,1408284
8714786226388,true,מאוורר מותגי דיסני +,,,מאוורר מותגי דיסני +,יחידה,0.00,יחידה,false,,8.90,0.0000,true,1,1418498
8714786249264,true,מאוורר חשמלי עם סוכר,,,מאוורר חשמלי עם סוכר,יחידה,0.00,יחידה,false,,7.90,0.0000,true,1,1418499
8714789930848,false,"משחת שיניים אופטיק וייט הלבנה מיידית קולגייט 75 מ""ל",הנסיך- מפעל לייצור ט,,משחת שיניים אופטיק ו,מיליליטרים,75.00,"100 מ""ל",false,,19.90,0.2653,true,1,1414376
8715700110158,false,היינץ ממרח במרקם קרמי צנצנת 490 גרם,ה.י.היינץ הולדינג בי.וי,,מיונז היינץ לייט צנצ,גרמים,490.00,100 גרם,false,,9.90,0.0202,true,1,1408287
8715700416021,true,ממרח סנדויץ מלפפונים,,,ממרח סנדויץ מלפפונים,גרמים,0.00,100 גרם,false,,13.90,0.0000,true,1,1416971
8715700419732,false,מתבל עגבניות היינץ 700 גרם,ה.י. היינץ,,קטשופ היינץ 700 גרם,גרמים,700.00,100 גרם,false,,10.90,0.0156,true,1,1408291
8715700421032,true,ממרח סנדוויץ טבעי 30,,,ממרח סנדוויץ טבעי 30,יחידה,0.00,יחידה,false,,13.90,0.0000,true,1,1416972
8715700421056,true,ממרח סנדביץ פיקנטי 3,,,ממרח סנדביץ פיקנטי 3,גרמים,0.00,100 גרם,false,,13.90,0.0000,true,1,1416973
8715700423906,false,היינץ מתבל עגבניות מופחת סוכר ומלח 50/50 550 גרם,היינץ צפון אמריקה מק,,היינץ מתבל עגבניות מ,גרמים,555.00,100 גרם,false,,10.90,0.0196,true,1,1408295
8717677336661,false,טוניס שוקולד מריר מעולה 70% 180 גרם רבנות - נוכרי,טוניס/שוקולונלי,,שוקולד מריר 70% טוני,גרמים,180.00,100 גרם,false,,19.90,0.1106,true,1,1439162
8718114615165,true,דאב מסכה שיקום אינטנ,,,דאב מסכה שיקום אינטנ,יחידה,0.00,יחידה,false,,18.90,0.0000,true,1,1425869
8718591450051,true,סטרופ וופל הולנדי במ,,,סטרופ וופל הולנדי במ,גרמים,0.00,100 גרם,false,,8.90,0.0000,true,1,1416977
8718800114989,true,קופסא ללבות שוקולוד,,,קופסא ללבות שוקולוד,יחידה,0.00,יחידה,false,,5.00,0.0000,true,1,1426971
8718951166561,false,משחת שיניים לרעננות מוגברת max fresh cooling crystals,הנסיך- מפעל לייצור ט,,קולגייט משחת מקס פרש,מיליליטרים,125.00,"100 מ""ל",false,,18.90,0.1512,true,1,1414381
8718951329270,false,"ספיד סטיק ספריי מהדורה מוגבלת פלי 150 מ""ל",Colgate - Mexico,,דאודורנט ספריי לגבר,מיליליטרים,150.00,"100 מ""ל",false,,19.90,0.1327,true,1,1432225
8718951382787,false,"משחת שיניים אופטיק וויט חימר ומינרלים 75 מ""ל קולגייט",קולגייט Colgate,,קולגייט אופטיק וויט,מיליליטרים,75.00,"100 מ""ל",false,,31.90,0.4253,true,1,1439225
8719128117256,false,"סירופ סבן אפ 440 מ""ל סודהסטרים",סודה סטרים,,סירופ סבן אפ - 440 מ,מיליליטרים,440.00,"100 מ""ל",false,,22.90,0.0520,true,1,1435626
8719200998049,false,"מרגרינה מזולה גלורי רגיל 250גר 8 יחידות -כשל""פ","מיוצר ע""\י יוניליוור ישר",,מזולה גלורי רגיל 250,גרמים,250.00,100 גרם,false,,9.90,0.0396,true,1,1428228
8719200998100,false,מרגרינה מזולה לאפיה טעם חמאה 200גר - 40 יח',פארייפאבה אגרואינדוס,,מזולה לאפיה טעם חמאה,גרמים,200.00,100 גרם,false,,6.50,0.0325,true,1,1423804
8720600608810,true,סלק הולנדי 355גר',,,סלק הולנדי 355גר',יחידה,0.00,יחידה,false,,12.50,0.0000,true,1,1424923
8727500033094,true,קקאו הולנדי 250גר',,,קקאו הולנדי 250גר',יחידה,0.00,יחידה,false,,16.90,0.0000,true,1,1416979
8801055707966,false,קפה טייסטר צו'יס נס קפה בריסטה 180ג',נסטלה קוריאה - קפה,,טייסטרס צ'וייס בריסט,גרמים,180.00,100 גרם,false,,29.90,0.1661,true,1,1407531
8801055709458,false,אבקה להכנת משקה קפה בטעם קפוצ'ינו קרמל,נסטלה קוריאה - קפה,,נסקפה קפוצ'ינו קרמל,גרמים,170.00,100 גרם,false,,19.90,0.1171,true,1,1439735
8801055709472,false,נסטלה - נסקפה קפוצ'ינו קלאסי 12.50 גרם * 10,נסטלה קוריאה - קפה,,נסקפה קפוצ'ינו קלאסי,גרמים,125.00,100 גרם,false,,19.90,0.1592,true,1,1439737
8809168840488,false,חטיף אצות מיובשות 4.5ג*3 יחידות,,,חטיף אצות מיובשות 3,יחידה,3.00,יחידה,false,,11.90,3.9667,true,1,1433076
8850025001023,true,משקה מי קוקוס טבעי5,,,משקה מי קוקוס טבעי5,יחידה,0.00,יחידה,false,,0.00,0.0000,true,1,1423370
8850206250592,false,רוטב צ'ילי סריראצ'ה 540 גרם (מזרח ומערב),יאן וואל יון קו.לטד,,רוטב צ'ילי סיראצ'ה 5,גרמים,530.00,100 גרם,false,,19.90,0.0375,true,1,1412142
8850367992980,false,נוזל אגוזי קוקוס 5-7% מופחת שומן 400 מל,c coconut Theppadungporn,,נוזל אגוזי קוקוס 5-7,מיליליטרים,400.00,"100 מ""ל",false,,6.90,0.0173,true,1,1412144
8850389103111,false,סאפי משקה אלוורה בטעם ענבים 300מל,פארייפאבה אגרואינדוס,,סאפה אלוורה בטעם ענב,מיליליטרים,300.00,"100 מ""ל",false,,7.70,0.0257,true,1,1410787
8850389105849,false,סאפה משקה אלוורה מופחת קלוריות בטעם אפרסק 1 ליטר,סאפה פובליק קומפני לימיט,,סאפה אלוורה בטעם אפר,מיליליטרים,1000.00,"100 מ""ל",false,,12.20,0.0122,true,1,1410791
8850389115312,false,"סאפה אלוורה מלון בקבוק 300 מ""ל",סאפה פובליק קומפני ל,,סאפה מלון בקבוק 300,מיליליטרים,300.00,"100 מ""ל",false,,7.70,0.0257,true,1,1410793
8850632601098,false,מלמ רולר תות ורוד 1/,,,מלמ רולר תות ורוד 1/,גרמים,40.00,100 גרם,false,,3.90,0.0975,true,1,1437566
8850632601104,false,פס טעים יער 40 ג' 1/24 (8),,,רולר פטל כחול 40 גרם,גרמים,40.00,100 גרם,false,,3.50,0.0875,true,1,1437567
8850632604259,false,"יוגטה, חיספוסים, ממתק חמוץ בצורת מקלות בטעם תות שדה,50 גרם",ג'נרל קנדי בעמ,,חיספוסים מקלות בטעם,גרמים,50.00,100 גרם,false,,3.90,0.0780,true,1,1412506
8850632604266,false,"יוגטה, ממתק חמוץ בצורת מקלות בטעם קולה, 50 גרם",ג'נרל קנדי בעמ,,חיספוסים מקלות בטעם,גרמים,50.00,100 גרם,false,,3.90,0.0780,true,1,1412507
8850632604402,false,יוגטה חיספוסים בטעם מעורב תות שדה אבטיח ענבים בננה 50 גרם,"ג'נרל קנדי בע""מ",,חיספוסים רצועות בטעם,גרמים,50.00,100 גרם,false,,3.90,0.0780,true,1,1412509
8851613101378,false,"נוזל קוקוס ארוי די 250 מ""ל",תאי אגרי פוד פובליק קו'\,,"חלב קוקוס 250 מ""ל",גרמים,250.00,100 גרם,false,,9.90,0.0396,true,1,1441825
8852111005786,true,דג סיירה במיץ טבעי2,,,דג סיירה במיץ טבעי2,יחידה,0.00,יחידה,false,,5.00,0.0000,true,1,1423019
8852111005793,true,דג סיירה במיץ צמחי 2,,,דג סיירה במיץ צמחי2,יחידה,0.00,יחידה,false,,5.00,0.0000,true,1,1423020
8858271002887,false,רוטב טריאקי 250 מ'ל - מקסצ'אפ,דאנינג יוה פודס קו,,רוטב טריאקי 250 מ'ל,מיליליטרים,250.00,"100 מ""ל",false,,10.90,0.0436,true,1,1412147
8858271003020,false,רוטב סויה פורמולה 1 - 700 מ'ל מקסצ'אפ,יאן ונזל יון,,רוטב סויה פורמולה 1,מיליליטרים,700.00,"100 מ""ל",false,,15.90,0.0227,true,1,1412148
8858271004300,false,רוטב טריאקי 700 מ'ל מקסצ'אפ,דאנינג יוה פודס קו,,"רוטב טריאקי 700 מ""ל",מיליליטרים,700.00,"100 מ""ל",false,,19.90,0.0284,true,1,1412152
8858271004799,false,"רוטב צילי מתוק אל פורפסיס 700 מ""ל",יאן ונזל יון,,רוטב צ'ילי מתוק 700,מיליליטרים,700.00,"100 מ""ל",false,,12.90,0.0184,true,1,1412153
8858271005451,false,"רוטב סויה פורמולה 1 - 250 מ""ל מקסצ'אפ",Yan Wal Yun Corpora,,רוטב סויה פורמולה 1,מיליליטרים,250.00,"100 מ""ל",false,,9.90,0.0396,true,1,1412154
8888021200256,false,סוללות אנרג'ייזר AA מקס 8 יחידות,יצרן: אנרג'ייזר סינג,,סוללות MAXאנרג'ייזר,יחידה,10.00,יחידה,false,,24.90,2.4900,true,1,1434112
8901057335768,true,שדכן 26/6,,,שדכן 26/6,יחידה,0.00,יחידה,false,,0.00,0.0000,true,1,1423371
8901537024014,false,"אורז בסמטי מובחר 1 ק""ג - דוואט) יורה דיעה",הנסיך- מפעל לייצור ט,,"אורז בסמטי 1 ק""ג DAA",גרמים,1000.00,100 גרם,false,,11.90,0.0119,true,1,1408640
8905964548440,false,מארז 3 צנצנות איחסון עגול,,,מארז 3 צנצנות אחסון,יחידה,3.00,יחידה,false,,13.90,4.6333,true,1,1436656
8905964548457,false,מארז 3 צנצנות איחסון מרובע,,,מארז 3 צנצנות אחסון,יחידה,3.00,יחידה,false,,13.90,4.6333,true,1,1436657
9000101418163,false,שלישיית סבון אסלה בניחוח מתחלף תפוח ירוק ברף,ברף Bref,,ברף בניחוח מתחלף תפו,גרמים,150.00,100 גרם,false,,20.90,0.1393,true,1,1440640
9002859036309,true,פרלין במילוי ק.לטה-,,,פרלין במילוי ק.לטה-,יחידה,0.00,יחידה,false,,7.00,0.0000,true,1,1423023
9002859058172,false,בונבוניירה בננה ציפוי שוקולד מריר 300 גר,GUNZ WARENHANDELS,,"שוק ""בננה ציפוי שוקו",גרמים,300.00,100 גרם,false,,13.90,0.0463,true,1,1409371
9002859067143,false,גונץ בונבוניירה אצבעות שוקולד מעורב 200 גרם,,,בונבונירה אצבעות שוק,גרמים,200.00,100 גרם,false,,13.90,0.0695,true,1,1436734
9002859100536,false,בונבוניירה אצבעות שוקולד מוצרט 200 גרם,GUNZ WARENHANDELS,,מוצרט (גונץ) אצבעות,גרמים,200.00,100 גרם,false,,15.90,0.0795,true,1,1409387
9002975393812,false,סוכריות גילי הריבו האפי צירי 70 גרם,"האריבו , ג'\י.אם.בי.אייץ",,סוכריות הריבו האפי צ,גרמים,70.00,100 גרם,false,,6.90,0.0986,true,1,1440257
9002975393829,false,סוכריות גילי הריבו פיציס 70 גרם,"האריבו , ג'\י.אם.בי.אייץ",,סוכריות הריבו האפי 7,גרמים,70.00,100 גרם,false,,6.90,0.0986,true,1,1440258
9002975393836,false,הריבו סוכריות גומי בטעם קולה 70 גרם,"האריבו , ג'\י.אם.בי.אייץ",,סוכריות הריבו קולה 7,גרמים,70.00,100 גרם,false,,6.90,0.0986,true,1,1438599
9002975393850,false,סוכריות גילי הריבו וורמס 70 גרם,"האריבו , ג'\י.אם.בי.אייץ",,סוכריות הריבו וורמס,גרמים,70.00,100 גרם,false,,6.90,0.0986,true,1,1438601
9008700146982,true,מיץ מולטי ויטמין פיר,,,מיץ מולטי ויטמין פיר,יחידה,0.00,יחידה,false,,10.90,0.0000,true,1,1425786
9123456789204,true,מספריים 5.5,,,מספריים 5.5,יחידה,0.00,יחידה,false,,0.00,0.0000,true,1,1423372
9152014801119,true,תבנית סיליקון וופל ב,,,תבנית סיליקון וופל ב,יחידה,0.00,יחידה,false,,21.90,0.0000,true,1,1426718
9310122702807,true,תה ירוק נטול קפאין 5,,,תה ירוק נטול קפאין 5,יחידה,0.00,יחידה,false,,38.90,0.0000,true,1,1427063
9415852257815,true,שקיות זילוף מקצועיות,,,שקיות זילוף מקצועיות,יחידה,0.00,יחידה,false,,8.90,0.0000,true,1,1426721
9415856001117,true,תבנית סילקון אותיות,,,תבנית סילקון אותיות,יחידה,0.00,יחידה,false,,29.90,0.0000,true,1,1426723
9415856001247,true,תבנית סיליקון עוגת י,,,תבנית סיליקון עוגת י,יחידה,0.00,יחידה,false,,58.90,0.0000,true,1,1426726
9415856100131,true,מנגטים לבנים 900 יח',,,מנגטים לבנים 900 יח',יחידה,0.00,יחידה,false,,15.90,0.0000,true,1,1426728
9415857743290,true,דיספנר שפיכה,,,דיספנר שפיכה,יחידה,0.00,יחידה,false,,29.90,0.0000,true,1,1426729
9465210010019,true,תבנית פלסטיק לשוקולד,,,תבנית פלסטיק לשוקולד,יחידה,0.00,יחידה,false,,58.90,0.0000,true,1,1426732
9465210010422,true,קוביות אותיות בעברית,,,קוביות אותיות בעברית,יחידה,0.00,יחידה,false,,29.00,0.0000,true,1,1426734
9465210010552,true,תבנית סיליקון - תפיל,,,תבנית סיליקון - תפיל,יחידה,0.00,יחידה,false,,29.00,0.0000,true,1,1426735
9465210010675,true,אותיות אנגלית - פונט,,,אותיות אנגלית - פונט,יחידה,0.00,יחידה,false,,29.00,0.0000,true,1,1426737
9465210010682,true,אותיות עברית - פונט,,,אותיות עברית - פונט,יחידה,0.00,יחידה,false,,29.00,0.0000,true,1,1426738
9465210010699,true,תבנית פרלינים כפרה,,,תבנית פרלינים כפרה,יחידה,0.00,יחידה,false,,24.90,0.0000,true,1,1426739
9465210010736,true,תבנית לעוגת שפתיים,,,תבנית לעוגת שפתיים,יחידה,0.00,יחידה,false,,58.90,0.0000,true,1,1426740
9465215231488,true,תבנית סילקון בצורות,,,תבנית סילקון בצורות,יחידה,0.00,יחידה,false,,14.90,0.0000,true,1,1426741
9465255658382,true,תבנית פלסטיק אותיות,,,תבנית פלסטיק אותיות,יחידה,0.00,יחידה,false,,13.90,0.0000,true,1,1426743
9720188050109,false,ממרח על בסיס סויה בסגנון גבינה טופוטי 225 גרם,טופוטי ברנדס אינק.ג',,טופוטי - ממרח על בסי,גרמים,225.00,100 גרם,false,,22.90,0.1018,true,1,1413740
9771565025005,false,עיתון מעריב סוף השבוע,,,עיתון מעריב,יחידה,1.00,יחידה,false,,6.00,6.0000,true,1,1433634
9771565051066,false,עיתון ידיעות אחרונות,ידיעות אחרונות,,עיתון ידיעות אחרונות,יחידה,1.00,יחידה,false,,20.00,20.0000,true,1,1412004
9870417005070,true,צלחת פסח 33סמ שקוף,,,צלחת פסח 33סמ שקוף,יחידה,0.00,יחידה,false,,24.90,0.0000,true,1,1425577
9870915001987,true,תמונה HOME,,,תמונה HOME,יחידה,0.00,יחידה,false,,7.50,0.0000,true,1,1427353
9870915002076,true,תמונה SEA,,,תמונה SEA,יחידה,0.00,יחידה,false,,23.90,0.0000,true,1,1427354
9999999999999,true,פריט כללי קובץ 100,,,פריט כללי קובץ 100,יחידה,0.00,יחידה,false,,0.00,0.0000,true,1,1423028
