code,internal_code,name,manufacturer_name,manufacture_country,manufacturer_item_description,unit_qty,quantity,unit_of_measure,weighted,qty_in_package,price,unit_of_measure_price,allow_discount,status,item_id
10320850,false,גבינת עמק 28% שומן פ,,,גבינת עמק 28% שומן פ,גרמים,200.00,100 גרם,false,,15.90,0.0795,true,1,1429747
10321680,false,יוגורט 2.9% תות גו 2,,,יוגורט 2.9% תות גו 2,גרמים,200.00,100 גרם,false,,5.50,0.0275,true,1,1429413
10322014,false,טופו טבעי 300 גרם,,,טופו טבעי 300 גרם,גרמים,300.00,100 גרם,false,,12.50,0.0417,true,1,1429490
10323585,false,יוגורט לייט 0.5% מוע,,,יוגורט לייט 0.5% מוע,גרמים,200.00,100 גרם,false,,5.70,0.0285,true,1,1429409
10323592,false,יוגורט לייט 0.5% מוע,,,יוגורט לייט 0.5% מוע,גרמים,200.00,100 גרם,false,,5.70,0.0285,true,1,1429410
10323714,false,משקה קוקוס שקדים תנו,,,משקה קוקוס שקדים תנו,מיליליטרים,1000.00,"100 מ""ל",false,,12.90,0.0129,true,1,1429415
10326227,false,יופלה און טופ קורנפל,,,יופלה און טופ קורנפל,גרמים,157.00,100 גרם,false,,5.00,0.0318,true,1,1429859
13022038,false,טופו פיקנטי 300 גרם,תנובה 8+2 הזול מבניה,,טופו פיקנטי 300 גרם,גרמים,300.00,100 גרם,false,,12.70,0.0423,true,1,1429628
13024704,false,טופו פרובנס 300 גרם,תנובה 8+2 הזול מבניה,,טופו פרובנס 300 גרם,גרמים,300.00,100 גרם,false,,12.70,0.0423,true,1,1429629
40052403,false,קיט קט 4 אצבעות שוקולד חלב,נסטלה Nestle,DE,קיט קט 4 אצבעות 41.5,גרמים,41.00,100 גרם,false,,4.50,0.1098,true,1,1412171
40084107,false,ביצת שוקולד הפתעה קינדר,פרדי קונדטוריה אס פי,IT,קינדר ביצת הפתעה 20,גרמים,20.00,100 גרם,false,,5.90,0.2950,true,1,1415377
40084725,false,סלייס עוגת ספוג במילוי קרם חלבי ק'נדר מילק 28 ג',פררו טורקיה צ'יקולטה,TR,קינדר מילק סלייס עוג,גרמים,28.00,100 גרם,false,,3.90,0.1393,true,1,1435353
40144061,false,קנופרס חטיף וופל 25 גרם 24 יח,ליימן שליסל,DE,וופל קנופרס 25 גרם,גרמים,25.00,100 גרם,false,,3.30,0.1320,true,1,1437578
41001356,false,"בירה בקס פחית 500 מ""ל",יבואן ומשווק: ש. שסט,DE,"בקס פחית 500 מ""ל",מיליליטרים,500.00,"100 מ""ל",false,,9.90,0.0198,true,1,1411159
42134978,false,סרגל מרציפן סנטה ארסמי כאסטן 100 גר,Erasmi & Carstens Gm,DE,סרגל מרציפן סנטה 100,גרמים,100.00,100 גרם,false,,11.90,0.1190,true,1,1437699
42135012,false,סרגל איש קרח נוגט 100 ג CARSTEN,Erasmi & Carstens Gm,DE,סרגל איש קרח נוגט 10,גרמים,100.00,100 גרם,false,,11.90,0.1190,true,1,1437700
42188889,false,אורביט פייב אבטיח 12 סטיקס 29 גר,ריגלי צרפת,FR,פייב אבטיח 12 סטיקס,גרמים,29.00,100 גרם,false,,6.60,0.2276,true,1,1417647
72940754,false,"מילקי מעדן וניל עם קצפת שטראוס 133 מ""ל","שטראוס גרופ בע""מ",IL,מילקי מעדן וניל עם ק,גרמים,133.00,100 גרם,false,,2.90,0.0218,true,1,1405555
72940761,false,"מילקי מעדן שוקולד עם קצפת שטראוס 133 מ""ל",מיוצר עי קונדיטוריית,IL,"מילקי שוקולד 170 מ""ל",מיליליטרים,170.00,"100 מ""ל",false,,2.90,0.0171,true,1,1405556
72940952,false,מעדן מילקי בטעם שוקולד עם אקסטרה קצפת,"שטראוס גרופ בע""מ",IL,מילקי אקסטרה קצפת 17,מיליליטרים,170.00,"100 מ""ל",false,,3.90,0.0229,true,1,1405557
72945308,false,קוביות שמרים לאפיה שמרית 2*25 ג',"פאקא תעשיות בע""מ",IL,שמרים טריים לאפיה שמ,גרמים,50.00,100 גרם,false,,3.60,0.0720,true,1,1405561
72961506,false,יוגורט עם תות 1.5% שומן 125 ג' פרילי,מיוצר עי קונדיטוריית,IL,פרילי תות 1.5% 125 מ,מיליליטרים,125.00,"100 מ""ל",false,,3.50,0.0280,true,1,1411359
72986233,false,באדי מעדן וניל גביע 125גרם 2% בדצ,מחלבת אלון תבור,IL,מעדן באדי וניל 1.5%,גרמים,125.00,100 גרם,false,,2.90,0.0232,true,1,1411368
72986240,false,באדי מעדן שוקו גביע 125גרם 2% בדצ,מחלבת אלון תבור,IL,מעדן באדי שוקולד 1.5,גרמים,125.00,100 גרם,false,,2.90,0.0232,true,1,1411369
72994061,false,חטיף פסק זמן GOOD גלילית לבן 40 גרם,שולן צ'יקולטה גידה ס,IL,פסק זמן 2 גוד עלית 3,גרמים,36.00,100 גרם,false,,4.90,0.1361,true,1,1416437
80001027,false,לואקר טורטינה שוקולד חלב,"כד בני דרום בע""מ",IT,חטיף טורטינה שוקולד,גרמים,21.00,100 גרם,false,,4.90,0.2333,true,1,1412172
80001287,false,וופל חטיף לואקר אגוז 38 גר',ליימן מותגים,AT,חטיף גרדנה אגוז 38 ג,גרמים,38.00,100 גרם,false,,4.90,0.1289,true,1,1412177
80001461,false,לואקר חטיף שוקולד 38 גר',"א. לואקר קונפקט בע""מ",AT,חטיף גרדנה שוקולד 38,גרמים,38.00,100 גרם,false,,4.90,0.1289,true,1,1412178
80001485,false,גרדנה קוקוס 38 גר'25X יח',קריניציה ויטמינה אס,IT,וופל גרדנה קוקוס 38,גרמים,38.00,100 גרם,false,,4.90,0.1289,true,1,1412179
80001737,false,לואקר וופל סנדוויץ שוקולד 25 גרם,ליימן שליסל,IT,חטיף וופל שוקולד 25,גרמים,25.00,100 גרם,false,,3.90,0.1560,true,1,1412183
80001751,false,לואקר וופל סנדוויץ וניל 25 גרם,ליימן שליסל,IT,חטיף וופל וניל 25 גר,גרמים,25.00,100 גרם,false,,3.90,0.1560,true,1,1412184
80001799,false,לואקר טורטינה שוקולד לבן,"כד בני דרום בע""מ",IT,וופל טורטינה לבן 21,גרמים,21.00,100 גרם,false,,4.90,0.2333,true,1,1414421
80001911,false,וופל גרדנה במילוי קרם אגוזי לוז ובציפוי שוקולד לבן,ליימן מותגים,AT,וופל גרדנה שוק' לבן,גרמים,38.00,100 גרם,false,,3.90,0.1026,true,1,1412185
80042563,false,רסק עגבניות 700 ג' (צהוב) MUTTI,"איי, בי, אינבוו",IT,רסק עגבניות מוטי 700,גרמים,700.00,100 גרם,false,,13.50,0.0193,true,1,1414470
80050025,false,סוכריות טיק טק בטעם תפוז,קריות זול,ZA,סוכריות טיק טק תפוז,גרמים,16.00,100 גרם,false,,3.00,0.1875,true,1,1415379
80050124,false,סוכריות טיק טק בטעם מנטה,קריות זול,ZA,סוכריות טיק טק מנטה,גרמים,16.00,100 גרם,false,,3.00,0.1875,true,1,1415380
80050278,false,פררו רושר חטיף כדורים שלישיה 40ג',קריות זול,IT,פררו רושר שלשה 37.5,גרמים,37.50,100 גרם,false,,5.40,0.1440,true,1,1415381
80052487,false,חטיף רפאלו שלישייה,רושר,PL,רפאלו שלשה 30 גרם,גרמים,30.00,100 גרם,false,,4.90,0.1633,true,1,1415385
80052760,false,קינדר בואנו Kinder Bueno עם חלב ואגוזי לוז,קריות זול,PL,קינדר בואנו חלב 43 ג,גרמים,43.00,100 גרם,false,,3.90,0.0907,true,1,1415386
80052883,false,סוכריות מנטה חזק 16 ג' טיק טק,פררו,ZA,סוכריות טיק טק בטעם,גרמים,16.00,100 גרם,false,,3.00,0.1875,true,1,1433147
80136194,false,חטיפי הפי היפו Happy Hippo במילוי קרם חלבי ואגוזי לוז,קינדר Kinder,DE,קינדר הפי היפו אגוז,גרמים,103.50,100 גרם,false,,12.50,0.1208,true,1,1415387
80177609,false,אצבעות שוקולד קינדר Kinder ארבע יחידות,קריות זול,IT,אצבעות שוקולד במילוי,גרמים,50.00,100 גרם,false,,3.90,0.0780,true,1,1415391
80177616,false,אצבעות שוקולד קינדר Kinder שמונה יחידות,קריות זול,IT,קינדר 100 גרם 10 יחי,גרמים,100.00,100 גרם,false,,6.90,0.0690,true,1,1415392
80273592,false,פלפל ארבע עונות 30 גר ארומה דה טוסקנה,דרוגריה ואלימנטרי אס,IT,פלפל 4 עונות מטחנה 3,גרמים,35.00,100 גרם,false,,13.50,0.3857,true,1,1413142
80310167,false,קינדר שוקולד מקסי 126 גר,קינדר,,קינדר מקסי שישייה 12,גרמים,126.00,100 גרם,false,,9.90,0.0786,true,1,1415393
80310891,false,ג'וי ביצת הפתעה קינדר 20 גרם,קריות זול,ZA,קינדר גוי בודד 20 גר,גרמים,20.00,100 גרם,false,,5.90,0.2950,true,1,1441593
80761761,false,קינדר בואנו לבן בודד 39 גרם,ליימן שליסל,PL,קינדר בואנו לבן 39 ג,גרמים,39.00,100 גרם,false,,3.90,0.1000,true,1,1415395
80769545,false,מסטיק מנטוס פיור פרש בבקבוק בינוני בטעם לימון 60 ג',פרפטי ואן מלה הולנד,TR,מסטיק מנטוס פיור פרש,גרמים,60.00,100 גרם,false,,9.90,0.1650,true,1,1412189
80773429,false,מנטוס בקבוק מעוגל - מסטיק ללא סוכר בטעם תות 60 גרם,פרפטי ואן מלה הולנד,NL,מסטיק מנטוס בקבוק מע,גרמים,60.00,100 גרם,false,,9.90,0.1650,true,1,1412191
80773443,false,מנטוס בקבוק מעוגל - מסטיק ללא סוכר בטעם מנטה 60 גרם,פרפטי ואן מלה הולנד,NL,גומי לעיסה בטעם מנטה,גרמים,60.00,100 גרם,false,,9.90,0.1650,true,1,1412192
80790990,false,מסטיק מנטוס בבקבוק מעוגל בטעם פירות -מנטה 60 ג',פרפטי ואן מלה הולנד,NL,מסטיק מנטוס מעוגל 60,גרמים,60.00,100 גרם,false,,9.90,0.1650,true,1,1412196
80820970,false,שוקולד חלב ממולא קרם קרמל ועלי וופל פריכ,לואקר Loacker,,וופל טורטינה קרמל 21,גרמים,21.00,100 גרם,false,,3.90,0.1857,true,1,1434692
80831402,false,סוכריות מנטוס מנטה עדינה 30 יח' ללא סוכר CLEAN BREATH,פרפטי ואן מלה,NL,סוכריות מנטוס מרעננו,גרמים,21.00,100 גרם,false,,6.90,0.3286,true,1,1438357
80843184,false,מנטוס מסטיק פיור פרש בטעם ענבים 60גר,פרפטי ואן מלה הולנד,NL,מסטיק מנטוס בקבוק מע,גרמים,60.00,100 גרם,false,,9.90,0.1650,true,1,1437364
80854753,false,סוכריות מנטוס מנטה 30 יח' ללא סוכר CLEAN BREATH,פרפטי ואן מלה,TR,סוכריות מנטוס מרעננו,גרמים,21.00,100 גרם,false,,6.90,0.3286,true,1,1438358
80862130,false,"מנטוס מסטיק פיור פרש - אבטיח 28 גרם (14 יח') חת""ס",פרפטי ואן מלה ברדה,NL,מנטוס מסטיק פיור פרש,גרמים,28.00,100 גרם,false,,4.90,0.1750,true,1,1433430
80892502,false,מנטוס מסטיק באבל פרש,,,מנטוס מסטיק באבל פרש,יחידה,15.00,יחידה,false,,4.90,0.3267,true,1,1436213
80896081,false,מנטוס בקבוק מעוגל - מסטיק ללא סוכר בטעם אבטיח 60 גרם,פרפטי ואן מלה הולנד,NL,מסטיק מנטוס בקבוק מע,גרמים,60.00,100 גרם,false,,9.90,0.1650,true,1,1412206
80913467,false,מנטוס בקבוק מעוגל - מסטיק ללא סוכר בטעם מנטה,פרפטי ואן מלה הולנד,NL,מסטיק מנטוס מנטה מעו,גרמים,60.00,100 גרם,false,,9.90,0.1650,true,1,1412207
80936848,false,סוכריות טיק טק תות שדה 24 יח',ליימן-שליסל,ZA,סוכריות טיק טק תות 1,גרמים,16.00,100 גרם,false,,3.00,0.1875,true,1,1415397
80945468,false,סוכריות פיור וויט טעם מנטה מתוקה 60 ג' מנטוס,פרפטי ואן מלה הולנד,TR,מסטיק מנטוס בקבוק מע,גרמים,60.00,100 גרם,false,,9.90,0.1650,true,1,1437366
80954521,false,"מנטוס מסטיק פיור פרש - תות 28 גרם (14 יח') חת""ס",פרפטי ואן מלה ברדה,NL,מנטוס מסטיק פיור פרש,גרמים,28.00,100 גרם,false,,4.90,0.1750,true,1,1433431
80977070,false,"מנטוס מסטיק פיור פרש - טרופי 28 גרם (14 יח') חת""ס",פרפטי ואן מלה ברדה,NL,מנטוס מסטיק פיור פרש,גרמים,28.00,100 גרם,false,,4.90,0.1750,true,1,1433432
87108019,false,סוכריות מנטוס מנטה ב,פרפטי ואן מלה,NL,סוכריות בגליל בטעם מ,גרמים,37.50,100 גרם,false,,3.50,0.0933,true,1,1428515
87108538,false,סוכריות בטעם תות מנטוס 37.5 גרם,הדקלאים אגודת שיתופי,NL,סוכריות בגליל בטעם ת,גרמים,37.00,100 גרם,false,,3.50,0.0946,true,1,1412212
87311396,false,מנטוס ריינבאוו סוכריות לעיסה בטעמי פירות,פרפטי ואן מלה,NL,סוכריות מנטוס ריינבו,גרמים,37.50,100 גרם,false,,3.50,0.0933,true,1,1412218
87354041,false,סוכריות מנטוס גליל בטעם דובדבן,פרפטי ואן מלה,NL,סוכריות מנטוס גליל ד,גרמים,37.50,100 גרם,false,,3.50,0.0933,true,1,1434999
88888000,true,Temp SuperDept,,,Temp SuperDept,,0.00,,false,,0.00,0.0000,true,1,1420743
88888001,true,אוכל,,,אוכל,,0.00,,false,,0.00,0.0000,true,1,1420744
88888002,true,שתיה,,,שתיה,,0.00,,false,,0.00,0.0000,true,1,1442778
88888003,true,אימפולס,,,אימפולס,,0.00,,false,,0.00,0.0000,true,1,1442779
88888004,true,תוספות לקפה,,,תוספות לקפה,,0.00,,false,,0.00,0.0000,true,1,1420745
88888005,true,חומרי גלם,,,חומרי גלם,,0.00,,false,,0.00,0.0000,true,1,1420746
88888006,true,פירות וירקות,,,פירות וירקות,,0.00,,false,,0.00,0.0000,true,1,1442780
88888008,true,ללא מעמ,,,ללא מעמ,,0.00,,false,,0.00,0.0000,true,1,1420747
88888009,true,ניר פוד,,,ניר פוד,,0.00,,false,,0.00,0.0000,true,1,1442781
88888010,true,אלכוהול,,,אלכוהול,,0.00,,false,,0.00,0.0000,true,1,1442782
88888014,true,נון פוד,,,נון פוד,,0.00,,false,,0.00,0.0000,true,1,1442783
88888016,true,תפעול,,,תפעול,,0.00,,false,,0.00,0.0000,true,1,1442784
88888018,true,שוויצריה הקטנה,,,שוויצריה הקטנה,,0.00,,false,,0.00,0.0000,true,1,1420768
88888100,true,"מפעל-ללא מע""מ",,,"מפעל-ללא מע""מ",,0.00,,false,,0.00,0.0000,true,1,1442785
88888102,true,גלידות ושלגונים,,,גלידות ושלגונים,,0.00,,false,,0.00,0.0000,true,1,1420748
88888119,true,מאפים,,,מאפים,,0.00,,false,,0.00,0.0000,true,1,1442786
88888124,true,משקאות לא אלכוהוליים,,,משקאות לא אלכוהוליים,,0.00,,false,,0.00,0.0000,true,1,1442787
88888144,true,קינוחים,,,קינוחים,,0.00,,false,,0.00,0.0000,true,1,1442788
88888156,true,פירות וירקות לסחיטה,,,פירות וירקות לסחיטה,,0.00,,false,,0.00,0.0000,true,1,1420749
88888158,true,מוצרי מכולת,,,מוצרי מכולת,,0.00,,false,,0.00,0.0000,true,1,1420750
88888159,true,משקאות,,,משקאות,,0.00,,false,,0.00,0.0000,true,1,1420751
88888160,true,מצוננים,,,מצוננים,,0.00,,false,,0.00,0.0000,true,1,1420752
88888161,true,קפואים,,,קפואים,,0.00,,false,,0.00,0.0000,true,1,1420753
88888162,true,ירקות ופירות טריים,,,ירקות ופירות טריים,,0.00,,false,,0.00,0.0000,true,1,1420754
88888164,true,מוצרים לבית,,,מוצרים לבית,,0.00,,false,,0.00,0.0000,true,1,1420755
88888165,true,י שירות/ עזר לסניפים,,,י שירות/ עזר לסניפים,,0.00,,false,,0.00,0.0000,true,1,1420756
88888166,true,ארוחות מבושלות,,,ארוחות מבושלות,,0.00,,false,,0.00,0.0000,true,1,1420757
88888167,true,אריזות לזכיינים,,,אריזות לזכיינים,,0.00,,false,,0.00,0.0000,true,1,1442789
88888168,true,זיכויים,,,זיכויים,,0.00,,false,,0.00,0.0000,true,1,1420758
88888169,true,אבזרי עזר וייצור,,,אבזרי עזר וייצור,,0.00,,false,,0.00,0.0000,true,1,1420759
88888170,true,מזון טרי,,,מזון טרי,,0.00,,false,,0.00,0.0000,true,1,1420760
88888171,true,משקאות קרון,,,משקאות קרון,,0.00,,false,,0.00,0.0000,true,1,1420761
88888172,true,ירקות ופירות מעמ,,,ירקות ופירות מעמ,,0.00,,false,,0.00,0.0000,true,1,1420762
88888173,true,ל-חומרי גלם ואביזרים,,,ל-חומרי גלם ואביזרים,,0.00,,false,,0.00,0.0000,true,1,1442790
88888174,true,מפעל-תוצרת גמורה,,,מפעל-תוצרת גמורה,,0.00,,false,,0.00,0.0000,true,1,1420763
88888175,true,סיגריות,,,סיגריות,,0.00,,false,,0.00,0.0000,true,1,1420764
88888176,true,מאפה טרי פרדס,,,מאפה טרי פרדס,,0.00,,false,,0.00,0.0000,true,1,1420765
88888177,true,קצבייה פרדס,,,קצבייה פרדס,,0.00,,false,,0.00,0.0000,true,1,1420766
88888178,true,ואביזרים (ללא מלאי),,,ואביזרים (ללא מלאי),,0.00,,false,,0.00,0.0000,true,1,1442791
88888179,true,פירות יבשים ללא מעמ,,,פירות יבשים ללא מעמ,,0.00,,false,,0.00,0.0000,true,1,1432937
88888180,true,קצבייה שוויצריה,,,קצבייה שוויצריה,,0.00,,false,,0.00,0.0000,true,1,1429913
88888999,true,,,,,,0.00,,false,,0.00,0.0000,true,1,1420767
90087011,false,מיץ תפוחים 100% קרטונית ראוך,Rauch fruchtsafte gm,HU,נקטר תפוחי עץ ראוצ',מיליליטרים,1000.00,"100 מ""ל",false,,11.90,0.0119,true,1,1407721
90087066,false,מיץ תפוזים 100% טבעי 1 ל' RAUCH,ראוך Rauch,HU,מיץ תפוזים 100% טבעי,מיליליטרים,1000.00,"100 מ""ל",false,,11.90,0.0119,true,1,1407722
90087547,false,מיץ עגבניות 1 ליטר ראוך קרטונית,Rauch fruchtsafte gm,HU,מיץ עגבניות ראוצ' 1,מיליליטרים,1000.00,"100 מ""ל",false,,11.90,0.0119,true,1,1407724
90087974,false,חומץ טבעי מתפוחים 750 מל,ראוך פרוכטסאפה,AT,חומץ טבעי מתפוחים רא,מיליליטרים,750.00,"100 מ""ל",false,,12.90,0.0172,true,1,1407727
90162602,false,רד בול משקה אנרגיה פקדון 30 אג,רד בול ג'י.אם.בי. אץ,IL,משקה אנרגיה רד בול 2,מיליליטרים,250.00,"100 מ""ל",false,,6.90,0.0276,true,1,1408156
9800800056,false,חטיף שוקולד עם מקלות לחם אנד גו,נוטלה Nutella,DE,נוטלה טו גו 52 גרם,גרמים,52.00,100 גרם,false,,5.00,0.0962,true,1,1415400
11182700916,false,קינג קול שעועית לבנה צפונית 439 גרם,הנובר פודס,US,שעועית לבנה קינג קול,גרמים,439.00,100 גרם,false,,9.90,0.0226,true,1,1437149
11182700954,false,קינג קול שעועית שחורה 439 גרם,הנובר פודס,,קינג קול שעועית שחור,גרמים,439.00,100 גרם,false,,9.90,0.0226,true,1,1421454
16000548404,false,חטיפי גרנולה קראנצ'י עם שיבולת שועל ודבש נייצ'ר ואלי 5*42 גרם,ג'נרל מילס סאן אדריא,ES,חטיפי גרנולה שיבולת,גרמים,210.00,100 גרם,false,,19.90,0.0948,true,1,1412221
16229924263,false,קרם קוקוס 100% ארוי,ויט ורלד קומפני,,"קרם קוקוס 250 מ""ל",גרמים,250.00,100 גרם,false,,9.90,0.0396,true,1,1441123
18804053146,false,מיני ג'לי בינס חדש ב,,,מיני ג'לי בינס חדש ב,גרמים,1400.00,100 גרם,false,,44.90,0.0321,true,1,1429928
25675950054,false,"אודלס 16 ג ""דובדבן",,,"אודלס 16 ג ""דובדבן",יחידה,1.00,יחידה,false,,1.50,1.5000,true,1,1413860
25675950085,false,פשקס אודלס טופי גרגי,,,פשקס אודלס טופי גרגי,יחידה,1.00,יחידה,false,,1.90,1.9000,true,1,1413861
27379005658,false,עוגת שמרים מיני פנטו,BISCOTTIFICIO PRIMAV,IT,עוגת שמרים מיני פנטו,גרמים,100.00,100 גרם,false,,14.00,0.1400,true,1,1419246
29801025203,false,עוגיות חמאה קריספי - ב. באטרס 200 גר,HAMLET NV,,וופל טוסט בלגי בטעם,גרמים,200.00,100 גרם,false,,17.90,0.0895,true,1,1409213
34000446001,false,ריזס מיניאטורס- חטיף שוקולד במילוי חמאת בוטנים 150 גרם,ליימן מותגים,,שוקולד חלב מיניאטורס,גרמים,150.00,100 גרם,false,,7.90,0.0527,true,1,1412228
34000470563,false,מארז שוקולד ריסז מיניס 215 גרם,ליימן מותגים,US,ריסז מיניס פאוצ' 215,גרמים,215.00,100 גרם,false,,18.90,0.0879,true,1,1438113
34000996643,false,מארז שוקולד הרשי דרופס 215 גרם,ליימן מותגים,US,הרשי דרופס פאוצ' 215,גרמים,215.00,100 גרם,false,,18.90,0.0879,true,1,1438114
37600207256,false,חמאת בוטנים סקיפי עם שברי בוטנים 462 גרם,חברת המזון אלגוד,US,חמאת בוטנים סקיפי עם,גרמים,462.00,100 גרם,false,,18.90,0.0409,true,1,1408159
37600297943,false,מטבל סלסה חריף- צ'י צ'י 439 גר,hormel foods,US,מטבל סלסה חריף Chi-C,גרמים,439.00,100 גרם,false,,19.90,0.0453,true,1,1441673
38000138638,false,חטיף צ'יפס פרינגלס פיצה 158 גרם,פרינגלס מנופקצורינג,US,פרינגלס בטעם פיצה 15,גרמים,158.00,100 גרם,false,,8.90,0.0563,true,1,1420491
38000138720,false,חטיף צ'יפס פרינגלס ראנץ 158 גרם,פרינגלס מניופקצ'ורינ,US,פרינגלס ראנץ 158 גרם,גרמים,158.00,100 גרם,false,,8.90,0.0563,true,1,1420492
38000138874,false,חטיף צ'יפס פרינגלס חלפינו 158 גרם,פרינגלס מנופקצורינג,US,פרינגלס חלפינו 158 ג,גרמים,158.00,100 גרם,false,,8.90,0.0563,true,1,1420494
38000183690,false,חטיף צ'יפס פרינגלס מידי ברביקיו 71 גרם,פרינגלס מנופקצ'ורינג,US,פרינגלס ברביקיו 71 ג,גרמים,71.00,100 גרם,false,,5.90,0.0831,true,1,1408162
38000183928,false,פרינגלס חרדל ודבש 158 גרם,פרינגלס מניופקצ'ורינ,US,פרינגלס חרדל ודבש 15,גרמים,158.00,100 גרם,false,,8.90,0.0563,true,1,1420498
38000232152,false,פרינגלס חטיפי תפוח אדמה בטעם ברביקיו 158 גרם,פרינגלס מניופקצ'ורינ,US,פרינגלס ברביקיו 158,גרמים,149.00,100 גרם,false,,8.90,0.0597,true,1,1427988
38000232169,false,פרינגלס מידי אורגינל 71 גרם,פרינגלס מניופקצ'ורינ,US,פרינגלס אורגינל 67 ג,גרמים,67.00,100 גרם,false,,5.90,0.0881,true,1,1427985
38000232176,false,פרינגלס ביג שמנת בצל 158 גרם,פרינגלס מניופקצ'ורינ,US,פרינגלס שמנת בצל 161,גרמים,158.00,100 גרם,false,,8.90,0.0563,true,1,1427986
38000232183,false,פרינגלס ביג אורגינל 149 גרם,פרינגלס מניופקצ'ורינ,US,פרינגלס אורגינל 149,גרמים,149.00,100 גרם,false,,8.90,0.0597,true,1,1427987
38000845253,false,חטיף צ'יפס פרינגלס מידי שמנת בצל 71 גרם,פרינגלס מנופקצ'ורינג,US,פרינגלס שמנת בצל 71,גרמים,71.00,100 גרם,false,,5.90,0.0831,true,1,1408164
38527591053,false,קואקר דגנים מרובעים שיבולת שועל וקינמון,BEVERAGES FOODS & SE,US,קוואקר ריבועים קנמון,גרמים,411.00,100 גרם,false,,19.90,0.0484,true,1,1406126
40000512943,false,סוכריות אם אנד אמס M&M שוקולד חלב,M&M אם אנד אם,US,סוכריות שוקולד במילו,גרמים,303.00,100 גרם,false,,21.90,0.0723,true,1,1438177
40000514510,false,M&M אריזה קטנה's בוטנים אריזה קטנה 49 גרם,M&M אם אנד אם,US,סוכריות שוקולד במילו,גרמים,49.00,100 גרם,false,,4.90,0.1000,true,1,1417654
41190069477,false,שופרייט רוטב שום לפסטה 680 גרם,,US,רוטב שום לפסטה 680 ג,גרמים,680.00,100 גרם,false,,16.90,0.0249,true,1,1437154
46214382259,false,עוגיות בראוניס שוקולד 225 ג',בנקטבקריי מרבה בי.וי,NL,עוגיות בראוניס מרבה,גרמים,200.00,100 גרם,false,,8.90,0.0445,true,1,1414113
46214731552,false,עוגיות שוקולד ציפס מובחרות 225 ג',קריניציה ויטמינה אס,NL,עוגיות שוקולד צ'יפס,גרמים,225.00,100 גרם,false,,8.90,0.0396,true,1,1414114
62400000622,false,כרטיס ברכה מפורט,,,כרטיס ברכה מפורט,יחידה,1.00,יחידה,false,,2.50,2.5000,true,1,1419963
64144090051,false,"ספריי שמן PAM קנולה אורגינל 148 מ""ל",קונאגרה פודס,US,פאם קנולה 148 מ'ל,גרמים,170.00,100 גרם,false,,17.90,0.1053,true,1,1412238
70177077563,false,תה ארל גריי 25 שקיות טוינינגס 50 גר,אר. טווינינגס אנד קו,PL,תה ארל גריי 25 יח' 5,גרמים,50.00,100 גרם,false,,17.90,0.3580,true,1,1437889
70221011116,false,טובלרון - שוקולד חלב 100 גרם,טובלרון Toblerone,CH,טובלרון 100 גרם,גרמים,100.00,100 גרם,false,,11.90,0.1190,true,1,1438895
70970471308,false,"סוכריות מייק אייק רד רייג'רס, 141 ג'",גאסט בורן,US,מייק & אייק ענבים 1/,גרמים,141.00,100 גרם,false,,10.90,0.0773,true,1,1413865
72600062290,false,הר חטיף בטעם גבינה חריף 198 גרם,הר פודס,US,הרס חטיף גבינה בטעם,גרמים,198.00,100 גרם,false,,23.90,0.1207,true,1,1419045
77245110610,false,סוכריות מאסט ללא סוכר בטעם מנטה 80 ג'עלית,MIESZKO S.A - MS. JO,PL,"סוכריות לל""ס מאסט מנ",גרמים,80.00,100 גרם,false,,7.90,0.0988,true,1,1416444
77975094631,false,סנדביץ בייגלה במילוי קרם בטעם צ'דר 226 גרם סניידרס,סניידרס Snyder's,US,סניידרס סנדביץ קרם צ,גרמים,266.00,100 גרם,false,,16.90,0.0635,true,1,1432119
77975094761,false,סניידרס חטיפים על בסיס קמח חיטה בטעם גבינת צ'דר,סניידרס Snyder's,US,סניידרס בטעם צ'דר 34,גרמים,340.00,100 גרם,false,,16.90,0.0497,true,1,1434670
77975094778,false,שברי בייגלה סניידרס בטעם דבש חרדל 340 גר,סניידרס Snyder's,US,סניידרס דבש וחרדל 34,גרמים,340.00,100 גרם,false,,14.90,0.0438,true,1,1435522
77975095133,false,שברי בייגלה בטעם פיקנטי 318 ג' סניידרס,סניידרס Snyder's,US,סניידרס- שברי בייגלה,גרמים,319.00,100 גרם,false,,16.90,0.0530,true,1,1441823
78652693062,false,סט 3 קופסאות ריבועיות עם מכסה אדום,,,סט 3 קופסאות ריבועיו,יחידה,1.00,יחידה,false,,9.90,9.9000,true,1,1441237
85696608044,false,טופו ללא גלוטן 349ג' (כ) Morinaga,Morinaga nutritional,US,טופו ללא גלוטן 349 ג,גרמים,349.00,100 גרם,false,,12.90,0.0370,true,1,1412109
97643051445,false,שוקולד רוזמרי מוקה שויצרי 100 גרם,,,"כשלפ בד""צ רוזמרי קפו",גרמים,100.00,100 גרם,false,,16.90,0.1690,true,1,1413872
97643070248,false,שוקולד שמרלינגס הרמוני רוזמרי לבן 100ג',מסטרני,CH,"כשלפ בד""צ רוזמרי הרמ",גרמים,100.00,100 גרם,false,,16.90,0.1690,true,1,1413873
97643082449,false,שמרלינגס שוקולד רוזמרי 100ג,מסטרני,CH,"כשלפ בד""צ רוזמרי חלב",גרמים,100.00,100 גרם,false,,16.90,0.1690,true,1,1413875
97643082548,false,שמרלינגס שוקולד מריר רוזמרי 100ג,מסטרני,CH,"כשלפ בד""צ רוזמרי מרי",גרמים,100.00,100 גרם,false,,16.90,0.1690,true,1,1413876
97643083040,false,שוקולד שמרלינגס רוזמרי חלב 100ג',מסטרני,CH,רוזמרי נוסטלגיה ירוק,גרמים,100.00,100 גרם,false,,16.90,0.1690,true,1,1413877
97643083859,false,שוקולד טבלה שוויצרי רוזמרי קרמל 100 גר',,,"כשלפ בד""צ רוזמרי קרמ",גרמים,100.00,100 גרם,false,,16.90,0.1690,true,1,1413878
195480030088,false,שוקולד צמקאו מריר אופנהיימר לאפייה ובישול 300ג',אופנהיימר,IL,צימקאו מריר אופנהיימ,גרמים,300.00,100 גרם,false,,9.90,0.0330,true,1,1435775
608614331475,false,כרובית ארוזה ביכורי,חקלאי,IL,כרובית,יח',1.00,יח',false,,9.90,9.9000,true,1,1406409
728229123590,false,טרה אורגינל חטיף על בסיס ירקות שורש בטעם טבעי 110 גרם,הונדורס צ'יפס יצור א,HN,טרה ירקות שורש בטעם,גרמים,110.00,100 גרם,false,,14.90,0.1355,true,1,1410371
769904000997,false,דגש שקדי מרק ללא גלו,משובח תעשיות מזון,IL,דגש - שקדי מרק ללא ג,גרמים,200.00,100 גרם,false,,14.90,0.0745,true,1,1428682
838948002165,false,שניידרס עוגיות פלמיר,,,שניידרס עוגיות פלמיר,גרמים,100.00,100 גרם,false,,8.90,0.0890,true,1,1436798
838948002257,false,עוגיות שוקולד ציפס א,SHNEIDER'S,FR,שניידרס עוגיות שוקו,גרמים,200.00,100 גרם,false,,10.90,0.0545,true,1,1436799
838948004497,false,שניידרס עוגיות שוקול,SHNEIDER'S,FR,שניידרס עוגיות שוקול,גרמים,200.00,100 גרם,false,,10.90,0.0545,true,1,1436801
839762000641,false,משקה איילנד מנגו נקטר 1 ל',"פאראגאלה,דה אג'יפשן",EG,משקה איילנד מנגו 1 ל,מיליליטרים,1000.00,"100 מ""ל",false,,12.90,0.0129,true,1,1410599
850307005693,false,איטריות ביצים לפשה ד,א.ל.ב. גולד,,איטריות ביצים לפשה 5,גרמים,500.00,100 גרם,false,,10.00,0.0200,true,1,1406026
850307005716,false,איטר.ביצים 500 גרם בורג spiral,א.ל.ב. גולד,DE,איטריות ביצים בורג 5,גרמים,500.00,100 גרם,false,,10.00,0.0200,true,1,1406027
850307005747,false,איטר.ביצים 500 גרם תלתל dreli,א.ל.ב. גולד,DE,איטריות ביצים תלתל 5,גרמים,500.00,100 גרם,false,,10.00,0.0200,true,1,1423644
856591000062,false,עוגיות מזרחיות עם מלח עבאדי 400 גרם,מאפיית יוסף ושמחה עב,IL,עוגיות מזרחיות מלח ע,גרמים,400.00,100 גרם,false,,19.90,0.0497,true,1,1406615
856591000109,false,עוגיות מזרחיות פריך במיוחד עבאדי 400 גרם,מאפיית יוסף ושמחה עב,IL,עוגיות מזרחיות פריך,גרמים,400.00,100 גרם,false,,19.90,0.0497,true,1,1406616
856591000918,false,מארז שמיניית חטיף טבעי עבאדי,עבאדי,IL,מארז חטיף טבעי עבאדי,גרמים,320.00,100 גרם,false,,19.90,0.0622,true,1,1434977
856591000970,false,מאפה חיטה עבאדי מקלונים בטעם חריף 400 גר,עבאדי,IL,מאפה חיטה מקלונים בט,גרמים,400.00,100 גרם,false,,19.90,0.0497,true,1,1439934
859547004329,false,ספוג ניקוי צבעוני סקראב דדי Scrub Daddy,סקארקיסט,US,ספוג ניקוי בצבעים סק,גרמים,34.00,100 גרם,false,,18.90,0.5559,true,1,1439362
884912126115,false,גרייט גריינס דגני בוקר עם פירות יבשים פוסט 453 גרם,הנסיך- מפעל לייצור ט,US,דגני גרייט גריינס דט,גרמים,453.00,100 גרם,false,,24.90,0.0550,true,1,1414028
884912365200,false,דגני בוקר אוראו שחור ולבן 311 גרם,פוסט ארצות הברית,US,דגני בוקר אוראו פוסט,גרמים,311.00,100 גרם,false,,22.90,0.0736,true,1,1441715
3046920028004,false,לינדט שוקולד אקסלנס מריר 70% 100 גר,לינדט ושפרונגלי,FR,שוקולד לינדט אקסלנס,גרמים,100.00,100 גרם,false,,14.90,0.1490,true,1,1417899
3046920028363,false,לינדט אקסלנס 85% מוצקי קקאו 100 גרם,לינדט ושפרונגלי,FR,שוקולד לינדט אקסלנס,גרמים,100.00,100 גרם,false,,14.90,0.1490,true,1,1417900
3046920029674,false,שוקולד לינדט אקסלנס סולט 100 גרם,לינדט ושפרונגלי,DE,שוקולד לינדט אקס' סו,גרמים,100.00,100 גרם,false,,14.90,0.1490,true,1,1417903
3046920029759,false,לינדט אקסלנס 90% מוצקי קקאו 100 גרם,לינדט ושפרונגלי ג'י.,DE,שוקולד לינדט אקסלנס,גרמים,100.00,100 גרם,false,,14.90,0.1490,true,1,1428197
3068320017846,false,מים מינרלים אוויאן 1 ליטר,קריניציה ויטמינה אס,FR,מים מינרליים אויאן 1,מיליליטרים,1000.00,"100 מ""ל",false,,11.20,0.0112,true,1,1441312
3073781161663,false,גבינה מותכת 18.5% שומן לה וואש קירי,לה וואש קירי La Vache qui rit,FR,גבינה מותכת לה ואש ק,גרמים,128.00,100 גרם,false,,12.90,0.1008,true,1,1437375
3073781161687,false,גבינה לה ושקרי 256 גרם כשר,פרומאג'רי בל דום סאם,FR,גבינה מותכת לה ואש ק,גרמים,256.00,100 גרם,false,,23.90,0.0934,true,1,1437376
3073781162790,false,גבינה מותכת בייבי בל 120 גרם,מחלבות בל,FR,בייבי בל אדם 120 גר',גרמים,120.00,100 גרם,false,,19.90,0.1658,true,1,1440076
3178530411478,false,ביסקוויטים גאלט עם חמאה ומלח ים,סן מישל St Michel,FR,גאלט חמאה קלאסי 150,גרמים,150.00,100 גרם,false,,12.90,0.0860,true,1,1408951
3178530417357,false,בראוניז שוקולד לבן סאן מישל 210 גרם,סן מישל,FR,עוגות אישיות בראוניז,גרמים,210.00,100 גרם,false,,16.90,0.0805,true,1,1437331
3228022910023,false,חמאת צרפתית פרזידנט 200 גרם,סוסייטה בארייר דה אי,FR,חמאה צרפתית פריזידאן,גרמים,200.00,100 גרם,false,,15.90,0.0795,true,1,1408952
3387390525960,false,קראנץ' דגני בוקר עם שוקולד חלב נסטלה 500 גרם,הנסיך- מפעל לייצור ט,FR,דגני בוקר פריכים עם,גרמים,500.00,100 גרם,false,,22.90,0.0458,true,1,1406805
3387390730852,false,פיטנס דגנים מחיטה מלאה ואורז נסטלה 375 גרם,נסטלה צרפת איטנקורט,FR,דגני בוקר פיטנס נסטל,גרמים,375.00,100 גרם,false,,19.90,0.0531,true,1,1406806
3501275590458,false,סוכריות טופי חמוצות,ורקה,FR,טד בולרז ספגטי חמוץ,גרמים,180.00,100 גרם,false,,15.90,0.0883,true,1,1440492
3501275590465,false,סוכריות טופי חמוצות,ורקה,FR,טד בורלז שטיחים 180,גרמים,180.00,100 גרם,false,,16.90,0.0939,true,1,1438916
3574660389128,false,ליסטרין שטיפת פה קול מינט טעם מעודן 500,General,,"ליסטרין 500 מ""ל COOL",מיליליטרים,500.00,"100 מ""ל",false,,19.90,0.0398,true,1,1429216
3574660389142,false,"ליסטרין מי פה ירוק פרש בורסט 500 מ""ל",,,"ליסטרין 500 מ""ל FRES",מיליליטרים,500.00,"100 מ""ל",false,,19.90,0.0398,true,1,1429217
3800016703042,false,שימורי מלפפון סבא בח,פרוקטו סליבאן GSC,BG,שימורי מלפפון סבא בח,גרמים,580.00,100 גרם,false,,10.00,0.0172,true,1,1406035
3800020403631,false,קיט קט וופל פריך עם קרם בוטנים (19%) בציפוי שוקולד חלב (61.8%),נסטלה בולגריה A.D.,BG,קיט קט צ'אנקי חמאת ב,גרמים,42.00,100 גרם,false,,4.50,0.1071,true,1,1432964
3800020423578,false,קיט קט שוקולד אצבעות צ'אנקי אדום 40ג',נסטלה Nestle,BG,קיט קט צ'אנקי חלב 40,גרמים,40.00,100 גרם,false,,4.50,0.1125,true,1,1412252
3800123604072,false,אסורטי סבא בחומץ 580 ג,פרוקטו סליבאן GSC,BG,עגבניות עם מלפפונים,גרמים,580.00,100 גרם,false,,10.00,0.0172,true,1,1406048
4000211056052,false,רגולדס-סוכריות אקליפטוס מנטול בשקית 500ג,,DE,סוכריות אקליפטוס מנט,גרמים,500.00,100 גרם,false,,15.90,0.0318,true,1,1440603
4000415004408,false,שוגטן שוקולד קקאו מריר אגוזים 100 גר,לודוויג שוקולד,DE,שוגטן מריר אגוזים 10,גרמים,100.00,100 גרם,false,,5.90,0.0590,true,1,1419619
4000415039707,false,שוגטן בלאק אנד וויט 100 גר,לודוויג שוקולד,DE,שוגטן עוגיות וניל,גרמים,100.00,100 גרם,false,,5.90,0.0590,true,1,1419625
4000417023001,false,ריטר ספורט שוקולד חלב מעולה עם שקדים שלמים,ריטר ספורט Ritter sport,DE,שוקולד חלב שקדים ריט,גרמים,100.00,100 גרם,false,,10.90,0.1090,true,1,1412259
4000417025005,false,שוקולד מריר במילוי מרציפן ריטר ספורט 100 גרם,ריטר ספורט Ritter sport,DE,שוקולד מריר במילוי מ,גרמים,100.00,100 גרם,false,,8.90,0.0890,true,1,1412261
4000417026002,false,שוקולד ריטר ספורט פרלין 100 גרם חלב נוכרי,ריטר ספורט Ritter sport,DE,שוקולד פרלין ריטר ספ,גרמים,100.00,100 גרם,false,,8.90,0.0890,true,1,1412262
4000417101211,false,גלילי וופל עם קרם אגוזי לוז בציפוי שוקולד חלב,אמיצ'לי Amicelli,AT,וופל אמיצ'לי 150 גרם,גרמים,150.00,100 גרם,false,,18.90,0.1260,true,1,1437622
4000417101310,false,אימצ'לי-גלילי וופל עם קרם קקאו 150 גרם,Unknown,,אמיצ'לי קרם קקאו 150,גרמים,150.00,100 גרם,false,,18.90,0.1260,true,1,1442850
4000417211002,false,שוקולד חלב מעולה ממולא קרם קרמל מוקצף ושברי שקדים מומלחים,ריטר ספורט Ritter sport,DE,שוקולד ריטר מוס קרמל,גרמים,100.00,100 גרם,false,,10.90,0.1090,true,1,1412263
4000417212009,false,ריטר ספורט שוקולד מריר מעולה עם שקדים קצוצים וקליפות תפוז מסוכרות,ריטר ספורט Ritter sport,DE,שוקולד מריר עם תפוז,גרמים,100.00,100 גרם,false,,8.90,0.0890,true,1,1412264
4000417294005,false,שוקולד ריטר מוס קקאו 100 גרם חלב נוכרי,ריטר ספורט Ritter sport,DE,שוקולד חלב מוס קקאו,גרמים,100.00,100 גרם,false,,8.90,0.0890,true,1,1412270
4000417298003,false,שוקולד ריטר ספורט קוקוס 100 גרם חלב נוכרי,ריטר ספורט Ritter sport,DE,שוקולד קוקוס ריטר ספ,גרמים,100.00,100 גרם,false,,8.90,0.0890,true,1,1412271
4000522061752,false,בייגלה צ'יו מקלות מלוחים 100 גרם,צ'יו Chio,HU,בייגלה צ'יו מקלות 10,גרמים,100.00,100 גרם,false,,3.90,0.0390,true,1,1414036
4000539280726,false,שוקולד לינדט אקסלנס מילד 70% 100 גר,לינדט ושפרונגלי,DE,שוקולד לינדט אקס'מיל,גרמים,100.00,100 גרם,false,,14.90,0.1490,true,1,1440788
4000539280740,false,לינדט אקסלנס 78% מוצקי קקאו 100 גרם,לינדט,FR,שוקולד לינדט אקסלנס,גרמים,100.00,100 גרם,false,,14.90,0.1490,true,1,1441171
4000607850004,false,שוגטן שוקולד חלב 100 גר,לודוויג שוקולד,,שוגטן חלב 100 גרם,גרמים,100.00,100 גרם,false,,5.90,0.0590,true,1,1419660
4000607851001,false,שוגטן שוקולד אגוזים 100 גרם,לודוויג שוקולד,DE,שוגטן אגוזים 100 גרם,גרמים,100.00,100 גרם,false,,5.90,0.0590,true,1,1419661
4000607852008,false,שוגטן שוקולד מריר 100ג,לודוויג שוקולד,DE,שוגטן מריר אגוזי לוז,גרמים,100.00,100 גרם,false,,5.90,0.0590,true,1,1419662
4000607854705,false,שוגטן שוקולד תות 100גר,לודוויג שוקולד,DE,שוגטן תות 100 גרם,גרמים,100.00,100 גרם,false,,5.90,0.0590,true,1,1419664
4001518106112,false,טורינוס מקלות פריכים עם רוזמרין 125 גרם,גריסון,DE,גריסיני מקלות פריכים,גרמים,125.00,100 גרם,false,,17.90,0.1432,true,1,1434236
4003754021679,false,בונ עיגולי מרציפן עם מחית דובדבן בשוקול,Erasmi & Carstens Gm,DE,בונ' עיגולי מרציפן ע,גרמים,210.00,100 גרם,false,,26.90,0.1281,true,1,1441327
4003754021693,false,בונ עיגולי מרציפן עם מחית תפוזים בשוקול,Erasmi & Carstens Gm,DE,בונ' עיגולי מרציפן ע,גרמים,210.00,100 גרם,false,,26.90,0.1281,true,1,1441328
4003754081000,false,מרציפן חטיף 100 גר CARSTENS ERASMI,Erasmi & Carstens Gm,DE,חטיף מרציפן מצופה שו,גרמים,100.00,100 גרם,false,,7.90,0.0790,true,1,1434239
4003754092006,false,מרציפן קלאסי סרגל 125 גרם CARETENS,,DE,סרגל מרציפן מעולה מצ,גרמים,125.00,100 גרם,false,,11.90,0.0952,true,1,1434240
4003754168114,false,חטיף מרציפן גולמי 110 גר CARSTENS,,,חטיף מרציפן 110 ג' C,גרמים,110.00,100 גרם,false,,10.90,0.0991,true,1,1434241
4003754236141,false,מרציפן מצופה שוקולד מריר 140 גרCARSTENS,אירסמי אנד קארסטנס,DE,טבלה מרציפן מצופה שו,גרמים,140.00,100 גרם,false,,14.90,0.1064,true,1,1441330
4006814000720,false,סנטה קלנדר 75 גר WAWI,WAWI GROUP,DE,סנטה קלנדר 75 גרם,גרמים,75.00,100 גרם,false,,9.90,0.1320,true,1,1442808
4006814000751,false,סנטה בודד עם כובע 80 גר,WAWI GROUP,DE,שוקולד חלב סנטה עם כ,גרמים,80.00,100 גרם,false,,12.90,0.1613,true,1,1419253
4006814011061,false,שוקולד סנטה קלאוז בו,WAWI Euro Gmbh,DE,"שוק ""סנטה בודד60 ג """,גרמים,60.00,100 גרם,false,,5.50,0.0917,true,1,1419255
4006814011108,false,שוקולד סנטה קלאוס בו,WAWI-EURO,DE,שוקולד סנטה קלאוס בו,גרמים,150.00,100 גרם,false,,9.90,0.0660,true,1,1419256
4006814031304,false,שוקולד אייסקונפקט קר,,,צילינדר אייסקונפקט ק,גרמים,500.00,100 גרם,false,,29.90,0.0598,true,1,1442809
4006814071003,false,שוקולד סנטה שקית 100,WAWI-EURO,,סנטה שקית 100 גר',גרמים,100.00,100 גרם,false,,9.90,0.0990,true,1,1419258
4006814072000,false,שוקולד סנטה שקית 200,WAWI Euro Gmbh,DE,סנטה שקית 200 גר',גרמים,200.00,100 גרם,false,,16.90,0.0845,true,1,1419259
4008287058161,false,בירה קרומבאכר פילס 4.8% שישיה 6 * 330 מל,מנדלז סי.אר. פרודקשן,DE,בירה קרומבאכר פילס 3,יחידה,6.00,יחידה,false,,37.90,6.3167,true,1,1434543
4008400230726,false,קינדר ביצת הפתעה מקסי 100 גרם,פררו,IT,ביצת הפתעה גדולה מקס,גרמים,100.00,100 גרם,false,,22.90,0.2290,true,1,1415402
4008429056710,false,אוכל לחתולים ויסקס ב,ויסקס Whiskas,PL,ויסקאס פחית בקר 400,גרמים,400.00,100 גרם,false,,10.90,0.0273,true,1,1410251
4009300522935,false,תה ירוק לימונית ולואיזה פומפדור 20 יחידות,"איטיליאן פוד, אס.פי.",DE,תה ירוק לימונית ולוא,גרמים,35.00,100 גרם,false,,16.90,0.4829,true,1,1414135
4009300528821,false,תה ירוק ג'ינג'ר קינמון פומפדור 30 ג',פומפדור Pompadour,DE,תה ירוק ג'ינג'ר וקנמ,גרמים,30.00,100 גרם,false,,16.90,0.5633,true,1,1431248
4009900379564,false,מסטיק הובה בובה Hubba Bubba טייפ בטעם פירות,מרס ריגלי קונפקשונרי,,הובה בובה מסטיק בטעם,גרמים,56.00,100 גרם,false,,6.90,0.1232,true,1,1414432
4009900402965,false,אורביט וויט בטעם פירות בקבוקון 46מלבניות,ריגלי פולין,PL,וייט פירות בקבוקון ד,גרמים,64.00,100 גרם,false,,9.90,0.1547,true,1,1417661
4009900403023,false,אורביט וויט בטעם מנטה בקבוקון 46 מלבניות,"ב.א מזון בע""מ",PL,וויט קלאסי בקבקון דא,גרמים,64.00,100 גרם,false,,9.90,0.1547,true,1,1417662
4009900479998,false,אורביט וויט אוכמניות בקבוקון 46 מלבניות,ריגלי פולין,PL,אוכמניות בקבוקון דאב,גרמים,64.00,100 גרם,false,,9.90,0.1547,true,1,1417670
4009900482417,false,מסטיק אורביט פירות מנטה בקבוקון באבל מינט 45יח,ריגלי פולין,PL,בבלמינט בקבוקון דאבל,גרמים,64.00,100 גרם,false,,9.90,0.1547,true,1,1417671
4009900484091,false,מסטיק אורביט פרופשיונל בטעם מנטה ללא סוכר,אורביט Orbit,GB,אורביט ספירמינט בקבו,גרמים,84.00,100 גרם,false,,12.90,0.1536,true,1,1435003
4009900531122,false,"מסטיק בטעם מנטה ספירמינט, 64 ג' פרופשיונל אורפיט",מרס נדרלנד,PL,פרופשיונל בקבוקון פפ,גרמים,64.00,100 גרם,false,,9.90,0.1547,true,1,1417683
4009900532327,false,סוכריות סקיטלס סמודיס בטעמי יוגורט ופירות,סקיטלס Skittles,CZ,סקיטלס סמודיס 38 גרם,גרמים,38.00,100 גרם,false,,3.00,0.0789,true,1,1417685
4009900534581,false,איירוויבס בקבוקון דובדבן ומנטה 46 מלבני,Unknown,PL,איירוויבז בטעם דובדב,גרמים,64.00,100 גרם,false,,9.90,0.1547,true,1,1429471
4009900534611,false,מסטיק איירוויבז בקבוקון בטעם מלון ומנטה,ריגלי,PL,איירוויבז בטעם מלון,גרמים,64.00,100 גרם,false,,9.90,0.1547,true,1,1429472
4009900535519,false,מסטיק אורביט רפרשרס ספירמינט ללא סוכר 15.6גר',אורביט,PL,אורביט רפרשרס ספירמי,גרמים,15.60,100 גרם,false,,3.90,0.2500,true,1,1433437
4009900535540,false,מסטיק אורביט רפרשרס פפרמינט ללא סוכר 15.6גר',אורביט,PL,אורביט רפרשרס פפרמינ,גרמים,15.60,100 גרם,false,,3.90,0.2500,true,1,1433438
4009900535823,false,מסטיק אורביט רפרשרס באבלמינט ללא סוכר 15.6גר',אורביט,PL,אורביט רפרשרס באבלמי,גרמים,15.60,100 גרם,false,,3.90,0.2500,true,1,1433439
4009900536288,false,מסטיק אורביט רפרשרס פפרמינט בקבוקון ללא סוכר 67 גר',מרס ריגלי קונפקשונרי,PL,אורביט רפרשרס פפרמינ,גרמים,67.00,100 גרם,false,,11.90,0.1776,true,1,1433440
4009900539401,false,מסטיק פייב באונס בטעם מנטה HP,Unknown,PL,מסטיק פייב מנטה 14.4,גרמים,14.40,100 גרם,false,,3.90,0.2708,true,1,1439310
4009900539432,false,מסטיק פייב באונס בטעם אבטיח HP,Unknown,PL,פייב באונס אבטיח 14.,גרמים,14.40,100 גרם,false,,3.90,0.2708,true,1,1439311
4009900539685,false,"מסטיק פייב באונס בטעם מנטה בקבוקון, 61.8 גרם",ריגלי בעמ רוסיה,PL,פייב מנטה בקבוקון 61,גרמים,61.80,100 גרם,false,,11.90,0.1926,true,1,1439312
4009900539746,false,"מסטיק פייב באונס בטעם אבטיח בקבוקון, 61.8 גרם",ריגלי בעמ רוסיה,PL,פייב אבטיח בקבוקון 6,גרמים,61.80,100 גרם,false,,11.90,0.1926,true,1,1439313
4011800290078,false,חטיף חלבון עוגיות ללא תוספת סוכר,סידס,CZ,קורני חלבון עוגיות 5,גרמים,50.00,100 גרם,false,,9.90,0.1980,true,1,1441904
4011800290092,false,חטיף חלבון וניל ללא תוספת סוכר,סידס,CZ,קורני חלבון וניל 50,גרמים,50.00,100 גרם,false,,9.90,0.1980,true,1,1441905
4011800528416,false,קורני חטיף דגנים עם בוטנים מתוק-מלוח*6,קורני Corny,DE,קורני בייס סויט&סול,גרמים,150.00,100 גרם,false,,10.90,0.0727,true,1,1437900
4011800567613,false,קורני סנדוויץ שחור לבן 4 יחידות,מיוצר עי קונדיטוריית,DE,קורני מילק דרק&ואיט,גרמים,120.00,100 גרם,false,,10.90,0.0908,true,1,1414393
4011800617615,false,1X24X50G קורני ביג שוקולד,שוורטאוור וורקה,DE,קורני ביג שוקולד 1/2,גרמים,50.00,100 גרם,false,,4.90,0.0980,true,1,1436807
4011800617912,false,קורני ביג נאטס אגוזי,שוורטאוור וורקה,DE,קורני ביג נאטס אגוזי,גרמים,50.00,100 גרם,false,,4.90,0.0980,true,1,1436810
4011800628512,false,חטיף קורני שוקולד חלב 6 יח 150 גר,מיוצר עי קונדיטוריית,DE,קורני בייס שוקו 150,גרמים,150.00,100 גרם,false,,10.90,0.0727,true,1,1410374
4011800629519,false,"מארז חטיפי דגנים אגוזים ""קורני""",קורני Corny,DE,קורני בייס נאטס 150,גרמים,150.00,100 גרם,false,,10.90,0.0727,true,1,1414394
4011800630515,false,חטיף קורני שוקולד חלב ובננה 6 יח 150 גר,מיוצר עי קונדיטוריית,DE,קורני בייס שוק בננה,גרמים,150.00,100 גרם,false,,10.90,0.0727,true,1,1410377
4011800632519,false,"מארז חטיפי שוקולד חלב וקוקוס ""קורני""",מיוצר עי קונדיטוריית,DE,קורני בייס קוקונט 15,גרמים,150.00,100 גרם,false,,10.90,0.0727,true,1,1414395
4011800633516,false,קורני שוקולד מריר מעולה 58% קקאו 6*1,שוורטאוור וורקה,DE,קורני בייס דרק שוק 1,גרמים,138.00,100 גרם,false,,10.90,0.0790,true,1,1410378
4011800636517,false,קורני פרי שוקולד חלב מעולה ללא סוכר 6*1,מיוצר עי קונדיטוריית,DE,קורני פרי שוק 120 גר,גרמים,120.00,100 גרם,false,,10.90,0.0908,true,1,1414396
4013197767010,false,קבנדיש סוכריות בפחית בטעם פירות,יושלם,,"סוכ ""פח לרכב בטעם פי",גרמים,200.00,100 גרם,false,,10.00,0.0500,true,1,1419117
4013197767027,false,סוכריות פח 200 גר' דובדבן,יושלם,,"סוכ ""פח לרכב בטעם דו",גרמים,200.00,100 גרם,false,,10.00,0.0500,true,1,1419118
4013197767034,false,סוכריות פח 200 גר'' לימון,יושלם,,"סוכ ""פח לרכב בטעם לי",גרמים,200.00,100 גרם,false,,10.00,0.0500,true,1,1419119
4014400900217,false,בונבונריית מרסי מבחר ממתקי שוקולד 400 גרם,קריניציה ויטמינה אס,DE,בונבוניירה מרסי ליימ,גרמים,400.00,100 גרם,false,,49.90,0.1247,true,1,1412274
4014400901191,false,בונבונריית מרסי מבחר ממתקי שוקולד 250 גרם,ליימן מותגים,DE,בונבוניירת שוקולד חל,גרמים,250.00,100 גרם,false,,26.90,0.1076,true,1,1412275
4014400907902,false,"וורטרס אורגינל סוכריות חמאה ללא סוכר בקופסה
42 גרם",תות ממתקי איכות,DE,סוכריות חמאה ללא תוס,גרמים,42.00,100 גרם,false,,6.90,0.1643,true,1,1412279
4014400910063,false,סוכריות חמאה וורטרס אורגינל 135 גרם,וורטר'ס אורגינל,DE,סוכריות חמאה וורטר ו,גרמים,135.00,100 גרם,false,,9.50,0.0704,true,1,1412282
4014400913910,false,וורטרס אורגינל סוכריות חמאה ממולאות קרם קרמל בשקית,תות ממתקי איכות,DE,סוכריות חמאה במילוי,גרמים,125.00,100 גרם,false,,9.90,0.0792,true,1,1412283
4014400914696,false,וורטרס אורגינל סוכריות ללא סוכר 80 גרם,ליימן מותגים,DE,סוכריות חמאה ללא סוכ,גרמים,80.00,100 גרם,false,,8.90,0.1113,true,1,1412284
4014400914924,false,סוכריות וורטר אורגינל ללא סוכר קפה 80 ג',קריניציה ויטמינה אס,DE,סוכריות ללא סוכר קפה,גרמים,80.00,100 גרם,false,,9.50,0.1188,true,1,1412285
4014400920857,false,סוכריות וורטר Werther's בטעם שוקולד ללא סוכר,קריניציה ויטמינה אס,DE,סוכריות ללא סוכר קרמ,גרמים,70.00,100 גרם,false,,9.90,0.1414,true,1,1412286
4014400923711,false,בונבוניירה שוקולד אגוזים טופיפי 125 גרם,ליימן מותגים,DE,בונבוניירה טופיפי 12,גרמים,125.00,100 גרם,false,,12.90,0.1032,true,1,1412287
4014400925319,false,וורטרס אורגינל פופקורן קרמל 140 גרם,וורטרס Werther's,DE,וורטר פופקורן קרמל 1,גרמים,140.00,100 גרם,false,,15.90,0.1136,true,1,1417976
4014400929010,false,וופל מיני קנופרס 200 גר 10 גר*20 יחידות,אוגוסט שטורק,DE,חטיף וופל מיני קנופר,גרמים,200.00,100 גרם,false,,21.90,0.1095,true,1,1438720
4014400931327,false,ורטרס אורגינל פופקורן עם קרמל זרעי דלעת 1/12,וורטרס Werther's,DE,וורטרס אורגינל חטיף,גרמים,140.00,100 גרם,false,,15.90,0.1136,true,1,1439963
4015400564034,false,אולוויז מגן תחתון מגה פק לונג פלוס 58 יח',פרוקטר אנד גמבל,DE,מגן תחתון אולוויז מג,גרמים,250.00,100 גרם,false,,19.90,0.0796,true,1,1433537
4015400564454,false,מגני תחתון אולוויז לארג' עם ניחוח מגה פק,פרוקטר אנד גמבל,DE,מגן תחתון אולוויז מג,גרמים,234.00,100 גרם,false,,19.90,0.0850,true,1,1416724
4015400681670,false,תחבושות אולוויז לילה בטוח וליו פק 18 יח,פרוקטר אנד גמבל,HU,תחבושות אולוויז וליו,גרמים,126.00,100 גרם,false,,19.90,0.1579,true,1,1416726
4015400731719,false,תחבושות היגייניות אולוויז יום ולילה Day & Night,פרוקטר אנד גמבל,DE,תחבושות אולוויז וליו,גרמים,126.00,100 גרם,false,,19.90,0.1579,true,1,1416730
4015400746812,false,מגני תחתון אולוויז נורמל עם ניחוח מגה פק,פרוקטר אנד גמבל,DE,מגן תחתון אולוויז מג,גרמים,186.00,100 גרם,false,,19.90,0.1070,true,1,1416731
4015400990482,false,אריאל אבקת כביסה קולור 3 קג,פרוקטר אנד גמבל,,אבקת כביסה אריאל קול,גרמים,3000.00,100 גרם,false,,34.90,0.0116,true,1,1432388
4017100160110,false,בלזן גלילי וופל במילוי קרם בטעם שוקולד 75 גר',בלזן פולסקה,DE,בלזן ופל קרמי שוקולד,גרמים,75.00,100 גרם,false,,9.90,0.1320,true,1,1429616
4017100160417,false,בלזן גלילי וופל במילוי קרם בטעם וניל 75 גר',בלזן פולסקה,DE,בלזן ופל קרמי וניל 7,גרמים,75.00,100 גרם,false,,9.90,0.1320,true,1,1429617
4017100198151,false,בלזן היט ביסקוויט עם מלית קרם בטעם וניל (41%) 220 גרם,הדקלאים אגודת שיתופי,PL,עוגיות היט וניל 220,גרמים,220.00,100 גרם,false,,9.90,0.0450,true,1,1412290
4017100210105,false,גלילי וופל בלזן וופלטן שוקו' מריר 100ג',הדקלאים אגודת שיתופי,DE,וופלטן גלילי ופל עם,גרמים,100.00,100 גרם,false,,11.90,0.1190,true,1,1412291
4017100216800,false,בלזן וופל מיניס מצופה שוקולד חלב 100 גרם,ליימן שליסל,DE,וופל מיניס שוקולד 10,גרמים,100.00,100 גרם,false,,9.90,0.0990,true,1,1412294
4017100219900,false,בלזן וופלטן וופל מגולגל מצופה שוקולד חלב 100 גרם,הדקלאים אגודת שיתופי,DE,גליליות וופל חצי מצו,גרמים,100.00,100 גרם,false,,11.90,0.1190,true,1,1412295
4017100290503,false,ביסקוויט ליבניץ שוקולד חלב ומריר 125 גרם,בלזן פולסקה,PL,בלזן ביסקוויט מצופה,גרמים,125.00,100 גרם,false,,11.90,0.0952,true,1,1441675
4017100291005,false,בלזן לייבניז בסקויט חמאה מצופה שוקולד מריר 125 גרם,הדקלאים אגודת שיתופי,DE,בלזן ביסקוויט מצופה,גרמים,125.00,100 גרם,false,,10.90,0.0872,true,1,1412297
4017100364112,false,בלזן היט בסקוויט סנדביץ עם מלית קרם בטעם שוקולד קקאו (41%) 220 גרם,הדקלאים אגודת שיתופי,PL,עוגיות היט קקאו 220,גרמים,220.00,100 גרם,false,,9.90,0.0450,true,1,1412300
4018344511188,false,סלמון פראי ברוטב שום לארסן 200 גרם,,,סלמון ברוטב שום לרסן,גרמים,200.00,100 גרם,false,,11.90,0.0595,true,1,1440522
4018344564689,false,פילה הרינג ברוטב איטלקי לארסן 200 גר,ס.י.א קרבלה,LV,פילה הרינג איטלקי לר,גרמים,200.00,100 גרם,false,,9.90,0.0495,true,1,1440524
4018722102632,false,ספגטי כוסמין מלא אורגני 500 גרם,אלב גולד,DE,אלב גולד - ספגטי כוס,גרמים,500.00,100 גרם,false,,15.90,0.0318,true,1,1428677
4018722102656,false,ספגטי כוסמין אורגני 500 גרם,אלב גולד,DE,אלב גולד - ספגטי כוס,גרמים,500.00,100 גרם,false,,15.90,0.0318,true,1,1428678
4023800012055,false,מרציפן מצופה 50 גרם,,,מרציפן מצופה 50 גר',גרמים,50.00,100 גרם,false,,4.90,0.0980,true,1,1419121
4023800012109,false,מרציפן שלוקוורד מצופ,,DE,מרציפן מצופה 100 גר',גרמים,100.00,100 גרם,false,,6.90,0.0690,true,1,1419122
4023800231647,false,בונבוניירה מוצארט 200 גרם Mozartkugeln,,DE,בונ. מוצרט 200 גרם,גרמים,200.00,100 גרם,false,,19.90,0.0995,true,1,1419124
4023800531648,false,בונבוניירה מוצרט 200 גר CARSTENS,Erasmi & Carstens Gm,DE,בונ' מוצרט 200 ג' CA,גרמים,200.00,100 גרם,false,,19.90,0.0995,true,1,1441331
4025700001962,false,מילקה טבלה 100 גר' לבן 1/22 (4248023),פי אר ג'יי אס סי מונ,UA,שוקולד לבן מילקה 100,גרמים,100.00,100 גרם,false,,6.90,0.0690,true,1,1422867
4037400001036,false,קטיאס ליקריץ חתולים 200 גרם,,DE,קטיאס חתולים 200 גרם,גרמים,200.00,100 גרם,false,,8.90,0.0445,true,1,1441608
4037400002033,false,קטיאס ליקריץ כפתורים 200 גרם,,DE,קטיאס כובעים 200 גרם,גרמים,200.00,100 גרם,false,,5.90,0.0295,true,1,1441609
4037719066009,false,סוכריות בצנצנת שי 996 גרם,,,סוכריות בטעם פירות ב,גרמים,966.00,100 גרם,false,,29.90,0.0310,true,1,1419126
4037719068317,false,סוכריות קוונדיש פירות יער 200ג' (9),קוונדיש והרווי C&H,,סוכריות בטעם פירות י,גרמים,175.00,100 גרם,false,,10.00,0.0571,true,1,1419128
4037719657290,false,סוכריות בצנצנת פירות 300ג',קוונדיש,DE,סוכריות בטעמי פירות,גרמים,300.00,100 גרם,false,,16.90,0.0563,true,1,1419129
4066600999614,false,"בירה פאולנר, בירת חיטה מעוננת, בקבוק 500 מ""ל",מבשלת פאולנר,DE,"פאולנר בקבוק 500 מ""ל",מיליליטרים,500.00,"100 מ""ל",false,,11.20,0.0224,true,1,1410605
4084500088917,false,"פיירי נוזל כלים לימון 650 מ""ל",פרוקטר אנד גמבל,US,"פיירי לימון 650 מ""ל",מיליליטרים,650.00,"100 מ""ל",false,,10.90,0.0168,true,1,1416747
4084500853553,false,פיירי נוזל כלים קלאסי אורגינל 650 מל,פרוקטר אנד גמבל,US,נוזל לניקוי כלים אור,מיליליטרים,650.00,"100 מ""ל",false,,10.90,0.0168,true,1,1416749
4100470106700,false,חומץ תפוחים אורגני 750 מל,נטורפוד,DE,"חומץ תפוחים 750 מ""ל",מיליליטרים,750.00,"100 מ""ל",false,,21.90,0.0292,true,1,1428684
4600659010854,false,*מבצע* סטולי פרימיום,איי. אס. לטבייאס בלז,LV,"סטולי פרימיום 700 מ""",מיליליטרים,700.00,"100 מ""ל",false,,59.90,0.0856,true,1,1428903
4605561011975,false,חתיכות פילה הרינג בשמן 150 גר RS,,,חתיכות פילה הרינג בש,גרמים,150.00,100 גרם,false,,7.90,0.0527,true,1,1439841
4605561013009,false,פילה הרינג בשמן 400 גר RS,,,פילה הרינג בשמן 400,גרמים,400.00,100 גרם,false,,16.90,0.0422,true,1,1438002
4606260000505,false,תערובת לתיבול כיסוני,,RU,תערובת לתיבול כיסוני,גרמים,15.00,100 גרם,false,,2.90,0.1933,true,1,1435070
4606260004473,false,תערובת לתיבול דג אדו,,RU,תערובת לתיבול דג אדו,גרמים,15.00,100 גרם,false,,2.90,0.1933,true,1,1435082
4606260005500,false,תבלין אבקת גרגרית יו,,,תבלין אבקת גרגרית יו,גרמים,10.00,100 גרם,false,,2.90,0.2900,true,1,1435097
4606260005678,false,תבלין פלפל שחור שלם,,,תבלין פלפל שחור שלם,גרמים,50.00,100 גרם,false,,7.90,0.1580,true,1,1435098
4606260005722,false,תבלין בצל ירוק 7 גרם,,,תבלין בצל ירוק 7 גרם,גרמים,7.00,100 גרם,false,,2.90,0.4143,true,1,1435099
4607012352453,false,גרעיני חמניות מרטין פסים עם מלח 150 גר,מרטין,RU,כשלפ מרטין גרעיני חמ,גרמים,150.00,100 גרם,false,,11.90,0.0793,true,1,1436932
4607026342341,false,"יין מבעבע ""אבראו דורסו"" חצי מתוק 750 מל",,RU,"יין מבעבע ""אבראו דור",מיליליטרים,750.00,"100 מ""ל",false,,35.90,0.0479,true,1,1437763
4607026342495,false,"יין מבעבע ""אבראו דורסו"" ברוט 750 מ""ל",,RU,"יין מבעבע ""אבראו דור",מיליליטרים,750.00,"100 מ""ל",false,,35.90,0.0479,true,1,1437764
4710068001739,false,"מאסטר קפה קולומביאני 240 מ""ל",יוני פרזינדנט אנטרפר,TW,קפה קולומביאני קלאסי,מיליליטרים,240.00,"100 מ""ל",false,,7.20,0.0300,true,1,1410608
4751001580348,false,שימורי קילקה ברוטב עגבניות עם צילי 175,GAMMA-A,LV,שימורי דג קילקה שלמי,גרמים,175.00,100 גרם,false,,11.90,0.0680,true,1,1406065
4751001581475,false,ש.דג ריגה זהב קילקה ברוטב 280 ג צנצ.חדש,GAMMA-A,,שימורי דג קילקה שלמי,גרמים,280.00,100 גרם,false,,8.00,0.0286,true,1,1406066
4751003924003,false,סלט טונה עם ירקות איטלקי 185 ג' לארסן,,,סלט טונה איטלקי לרסן,גרמים,185.00,100 גרם,false,,11.90,0.0643,true,1,1440526
4751007739917,false,נתחי דג סלמון במיץ טבעי תומר 185 גרם,,,סלמון במיץ טבעי 185,גרמים,185.00,100 גרם,false,,7.90,0.0427,true,1,1440530
4770179100349,false,שוקולד פרגלה מריר 72,,,טב' שוקולד מריר 72%,,215.00,250 גרם,false,,12.90,0.0600,true,1,1419261
4770179106976,false,שוקולד פרגלה מריר עם,,,"שוק ""טב ""מריר עם חמו",גרמים,93.00,100 גרם,false,,5.50,0.0591,true,1,1419265
4770179107430,false,שוקולד פרגלה מריר עם,,,טב' שוק' מריר עם שקד,גרמים,220.00,100 גרם,false,,14.90,0.0677,true,1,1441332
4770179107447,false,טב' שוק' מריר חמוציו,,,טב' שוק' מריר חמוציו,גרמים,220.00,100 גרם,false,,14.90,0.0677,true,1,1419268
4770179109991,false,בונ שוק עם וודקה 190 ג PERGALE,PERGALE,LT,בונ' שוק' עם וודקה 1,גרמים,190.00,100 גרם,false,,18.90,0.0995,true,1,1441333
4770179125045,false,טב' שוקולד מריר עם ק,,,טב' שוקולד מריר עם ק,גרמים,100.00,100 גרם,false,,5.90,0.0590,true,1,1441337
4770179125076,false,שוקולד פרגלה מריר עם,PERGALE,,"שוק ""טב ""שוקולד מריר",גרמים,100.00,100 גרם,false,,5.50,0.0550,true,1,1419280
4770179125120,false,שוקולד מריר קלאסי פר,PERGALE,,שוקולד מריר קלאסי פר,גרמים,100.00,100 גרם,false,,5.50,0.0550,true,1,1419281
4770179125144,false,שוקולד פרגלה מריר עם,PERGALE,,שוקולד מריר עם קרם ק,גרמים,100.00,100 גרם,false,,5.50,0.0550,true,1,1419282
4770179125281,false,שוקולד חלב עם קרם פי,PERGALE,,טב' שוקולד חלב עם קר,גרמים,100.00,100 גרם,false,,5.90,0.0590,true,1,1419283
4770179125342,false,שוקולד פרגלה חלב עם,PERGALE,,טב' שוקולד חלב עם אג,,100.00,250 גרם,false,,12.90,0.1290,true,1,1419284
4770179125434,false,שוקולד פרגלה מריר עם,PERGALE,,טב' שוקולד מריר עם א,,246.00,250 גרם,false,,12.90,0.0524,true,1,1419286
4770179180082,false,בונבוננירה פרגל דובדבן בשוקולד 225 גר,,LT,שקית שוק' שרי 225 ג',גרמים,225.00,100 גרם,false,,14.90,0.0662,true,1,1441338
4770179182864,false,ממתקי שוקולד ממולאים 360 גרם,,,בונ' פח שוקולד מריר,גרמים,355.00,100 גרם,false,,54.90,0.1546,true,1,1441339
4770179998397,false,בונבוניירה פרליני שו,,,בונבוניירה פרליני שו,גרמים,110.00,100 גרם,false,,10.90,0.0991,true,1,1436900
4770179999042,false,בונבוניירה פרליני שו,,,בונבוניירה פרליני שו,גרמים,114.00,100 גרם,false,,10.90,0.0956,true,1,1436901
4770237048088,false,גלידת שרבט בטעם יוגורט עם אוכמניות שחורות בגביע וופל אישי 82 גר' SVALIA,פיאנו זיואיגזדס,LV,גלידת שרבט בטעם יוגו,גרמים,82.00,100 גרם,false,,5.90,0.0720,true,1,1420333
4770237049443,false,גלידת שמנת בטעם קרמל- קרם ברולה פלומביר בגביע וופל אישי 70 גר' SVALIA,פיאנו זיואיגזדס,LV,גלידת שמנת בטעם קרמל,גרמים,70.00,100 גרם,false,,5.90,0.0843,true,1,1420336
4770237049450,false,גלידת שמנת בטעם וניל בגביע וופל אישי פלומביר 70 גר' SVALIA,פיאנו זיואיגזדס,LV,גלידת שמנת בטעם וניל,גרמים,70.00,100 גרם,false,,5.90,0.0843,true,1,1420337
4770237054423,false,גלידת ס שרבט מנגו עם אפרסק בגביע וופל אישי 85 גר' SVALIA,פיאנו זיואיגזדס,LV,גלידת ס שרבט מנגו עם,גרמים,85.00,100 גרם,false,,5.90,0.0694,true,1,1420344
4770237055567,false,גלידת שמנת בטעם שוקולד עם אגוזי לוז מצופה צמקאו פלומביר 63 גר SVALIA,פיאנו זיואיגזדס,LV,גלידת שמנת בטעם שוקו,מיליליטרים,63.00,"100 מ""ל",false,,5.90,0.0937,true,1,1420348
4770237056748,false,גלידת שמנת משובחת בטעם וניל בציפוי בטעם מסטיק SVALIA גר 58,ז'יטומרסקי זאבוד,LT,גלידת שמנת בטעם וניל,מיליליטרים,58.00,"100 מ""ל",false,,5.90,0.1017,true,1,1440347
4770577201204,false,"סלק מבושל בוואקום 1 ק""ג",,,סלק אדום מקולף 1 קיל,יחידה,1.00,יחידה,false,,9.90,9.9000,true,1,1406411
4810168019051,false,חתיכות פילה דג הרינג מלוח מצונן עם תבלין 200גרם,סנטה ברמור,BY,חתיכות פילה דג הרינג,גרמים,200.00,100 גרם,false,,13.90,0.0695,true,1,1420367
4810168038984,false,גלידת שמנת משובחת בטעם וניל וופל בין השכבות 80 גר YUKKI,Santa Bremor,BY,גלידת שמנת משובחת בט,גרמים,80.00,100 גרם,false,,5.90,0.0738,true,1,1420379
4810168045098,false,גלידה פלומביר קרם בורלה יוקי 70 גר,santa bremor,BY,YUKKI גלידת שמנת בטע,גרמים,70.00,100 גרם,false,,5.90,0.0843,true,1,1420383
4810168045555,false,פילה דג סלמון מלוח פ,,,פילה דג סלמון מלוח פ,גרמים,100.00,100 גרם,false,,19.90,0.1990,true,1,1439844
4810168045586,false,פילה דג פורל מעושן פרוס קפוא 100 גר מוכן לאכילה,,,פילה דג פורל מעושן פ,גרמים,100.00,100 גרם,false,,19.90,0.1990,true,1,1438004
4810168045593,false,פילה דג סלמון מלוח ק,,,פילה דג סלמון מלוח ק,גרמים,200.00,100 גרם,false,,36.90,0.1845,true,1,1438375
4810168045623,false,פילה דג פורל מעושן ק,,,פילה דג פורל מעושן ק,גרמים,200.00,100 גרם,false,,36.90,0.1845,true,1,1438006
4810168045906,false,גלידת שמנת וניל שקדים אסקימו SOLETTO,,,גלידה שמנת וניל-שקדי,גרמים,75.00,100 גרם,false,,6.90,0.0920,true,1,1440353
4810168045913,false,גלידת שמנת קקאו בראוניז אסקימו SOLETTO,,,גלידה שמנת קקאו-בראו,גרמים,75.00,100 גרם,false,,6.90,0.0920,true,1,1440354
4810168049928,false,"בלינצס במילוי תפו""א ופטריות מוקפא 420 גר",,BY,"בלינצ'ס במילוי תפו""א",גרמים,420.00,100 גרם,false,,13.90,0.0331,true,1,1438007
4810168057510,false,חתיכות פילה דג הרינג מתובל מלוח בשמן 400 גר,,,חתיכות פילה דג הרינג,גרמים,400.00,100 גרם,false,,27.90,0.0697,true,1,1439847
4820080721536,false,וודקה חלבני דאר שיפו,NATIONAL ALCOHOL COM,,וודקה חלבני ג'יטנאיה,מיליליטרים,700.00,"100 מ""ל",false,,59.90,0.0856,true,1,1416251
4820154723442,false,"גלידת שמנת משובחת בטעם וניל ושוקולד בגביע וופל ""אמפרזה"" 100 גר'",,,גלידת שמנת וניל ושוק,גרמים,100.00,100 גרם,false,,6.90,0.0690,true,1,1440358
4820154727938,false,גלידה חלבית בשומן צמחי בטעם מלון וליים אסקימו 85 גרם,ז'יטומרסקי זאבוד,LV,גלידה חלבית RUD עם מ,גרמים,85.00,100 גרם,false,,5.90,0.0694,true,1,1420398
4820217240114,false,חמאה 82.5% פרמה 200 גר,רז שה צ'ים פקטורי,UA,חמאה גר 200 FERMA 82,גרמים,200.00,100 גרם,false,,9.90,0.0495,true,1,1441462
4823077602863,false,"רושן סוכריות ג'לי ""קרייזי פצ'ולקה"" 200 גר",רושן,UA,רושן סוכריות ג'לי קר,גרמים,200.00,100 גרם,false,,6.90,0.0345,true,1,1437937
4823077607530,false,"סוכריות דושס ק""ג רושן",,,רושן סוכריות בטעם אג,גרמים,1000.00,100 גרם,false,,16.90,0.0169,true,1,1420022
4823077613203,false,שוקולד רושן מריר + פונדוק שלם 90 גר רושן,רושן Roshen,,שוקולד רושן מריר עם,גרמים,90.00,100 גרם,false,,8.50,0.0944,true,1,1420034
4823077613630,false,חטיף שוקולד רושן ממולה קרם ברולה 43גר,רושן Roshen,UA,חטיף שוקולד רושן ממו,גרמים,43.00,100 גרם,false,,3.50,0.0814,true,1,1420038
4823077614675,false,ביסקוויט לקפה רושן בטעם חלב 185 גרם,קייב קרמנציק,,ביסקוויט לקפה רושן ב,גרמים,185.00,100 גרם,false,,3.90,0.0211,true,1,1439904
4823077614699,false,ביסקוויט לקפה רושן בטעם חמאה וניל 185 גר',קייב קרמנציק,,ביסקוויט לקפה רושן ב,גרמים,185.00,100 גרם,false,,3.90,0.0211,true,1,1439905
4823077614767,false,שוקולד רושן חלב נוגט בטעם אגוזי לוז 90 גר',רושן,,שוקולד רושן חלב נוגט,גרמים,90.00,100 גרם,false,,4.90,0.0544,true,1,1437942
4823077614804,false,שוקולד רושן חלב נוגט בטעם אוכמניות כחולות 90 גר',רושן Roshen,,שוקולד רושן חלב נוגט,גרמים,90.00,100 גרם,false,,4.90,0.0544,true,1,1420041
4823077617041,false,חטיף שוקולד רושן ממולה קרם קרמל 43גר',רושן Roshen,UA,חטיף שוקולד רושן ממו,גרמים,43.00,100 גרם,false,,3.50,0.0814,true,1,1420049
4823077618161,false,וופל רול קונאפטו חלב רושן 140 גר,רושן,,גליליות רושן קונאפטו,גרמים,140.00,100 גרם,false,,6.90,0.0493,true,1,1438894
4823077621635,false,חטיף שוקולד רושן בטעם חלב 72 גרם,Unknown,,וופל רושן בטעם חלב 7,גרמים,72.00,100 גרם,false,,3.50,0.0486,true,1,1437944
4823077621642,false,חטיף שוקולד רושן בטעם שוקולד 72 גר,Unknown,,וופל רושן בטעם שוקול,גרמים,72.00,100 גרם,false,,3.50,0.0486,true,1,1437945
4823077621659,false,חטיף שוקולד רושן בטעם אגוז 72 גר,Unknown,,וופל רושן בטעם אגוז,גרמים,72.00,100 גרם,false,,3.50,0.0486,true,1,1437946
4823077623684,false,רושן סוכריות ממולאות קרם בטעם חלב,קייב קרמנציק,UA,רושן סוכריות ממולאות,גרמים,150.00,100 גרם,false,,4.90,0.0327,true,1,1437947
4823077623714,false,"רושן סוכריות טופי ממולאים בטעם חלב ""MILKY SPLASH""",רושן,UA,רושן סוכריות טופי ממ,גרמים,150.00,100 גרם,false,,6.90,0.0460,true,1,1420076
4823077624223,false,"רושן ממתקי סוכריות ג'ילי ""בוני פרוט"" בטעמי פירות 200 גר",רושן Roshen,UA,רושן ממתקי סוכריות ג,גרמים,200.00,100 גרם,false,,6.90,0.0345,true,1,1420077
4823077624247,false,"רושן ממתקי סוכריות ג'ילי ""בוני פרוט"" בטעם הדרים 200 גר",רושן Roshen,UA,רושן ממתקי סוכריות ג,גרמים,200.00,100 גרם,false,,6.90,0.0345,true,1,1420078
4823077624391,false,"רושן סוכריות טופי ""מינקי בינקי"" 185 גר",רושן,UA,רושן סוכריות טופי מי,גרמים,185.00,100 גרם,false,,6.90,0.0373,true,1,1437948
4823077625589,false,וופל וואפרס חלב רושן 216 גר,,UA,וופל רושן בטעם חלב 2,גרמים,216.00,100 גרם,false,,6.90,0.0319,true,1,1420091
4823077625602,false,וופל וואפרס שוקולד רושן 216 גר,,UA,וופל רושן בטעם שוקול,גרמים,216.00,100 גרם,false,,6.90,0.0319,true,1,1420092
4823077625626,false,וופל וואפרס אגוז רושן 216 גר,,UA,וופל רושן בטעם אגוז,גרמים,216.00,100 גרם,false,,6.90,0.0319,true,1,1420093
4823077626203,false,שוקולד רושן אורירי מריר 80 גר',רושן Roshen,UA,שוקולד רושן אורירי מ,גרמים,80.00,100 גרם,false,,6.90,0.0863,true,1,1422479
4823077626227,false,שוקולד רושן אורירי חלב 80 גר',רושן Roshen,UA,שוקולד רושן אורירי ח,גרמים,80.00,100 גרם,false,,6.90,0.0863,true,1,1437949
4823077626241,false,שוקולד רושן אורירי לבן קרמל 80 גר',רושן,UA,שוקולד רושן אורירי ל,גרמים,80.00,100 גרם,false,,6.90,0.0863,true,1,1437950
4823077626364,false,שוקולד רושן אורירי לבן 80 גר',רושן Roshen,UA,שוקולד אורירי לבן רו,גרמים,80.00,100 גרם,false,,6.90,0.0863,true,1,1438377
4823077628054,false,"סוכריות רושן חמאה חלבי מלוח 1 ק""ג",קייב קרמנציק,UA,רושן סוכריות חמאה חל,גרמים,1000.00,100 גרם,false,,34.90,0.0349,true,1,1441557
4823077630422,false,"סנדוויץ' קרקר חלב וניל רושן 235 גרם "" 2 CRACK """,רושן,,סנדוויץ' קרקר חלב ונ,גרמים,235.00,100 גרם,false,,9.90,0.0421,true,1,1441453
4823077630996,false,"סנדוויץ' קרקר קקאו-אגוז רושן 235 גרם "" 2 CRACK """,רושן,,סנדוויץ' קרקר קקאו-א,גרמים,235.00,100 גרם,false,,9.90,0.0421,true,1,1437961
4823077631467,false,קרקר עם מלח ים רושן 168 גר HI DAY,רושן,,קרקר עם מלח ים רושן,גרמים,168.00,100 גרם,false,,5.50,0.0327,true,1,1437962
4823077631474,false,קרקר קלאסי רושן 168 גר HI DAY,רושן,,קרקר קלאסי רושן 168,גרמים,168.00,100 גרם,false,,5.50,0.0327,true,1,1437963
4823077631856,false,"וופל רול ""קונאפטו"" קוקוס 140 גר",רושן,UA,גליליות רושן קונאפטו,גרמים,140.00,100 גרם,false,,6.90,0.0493,true,1,1437964
4823077631863,false,"וופל רול ""קונאפטו"" וניל 140 גר",רושן,UA,גליליות רושן קונאפטו,גרמים,140.00,100 גרם,false,,6.90,0.0493,true,1,1437965
4823077632112,false,וופל רושן בטעם קקאו חלב 216 גר,,,וופל רושן בטעם קקאו,גרמים,216.00,100 גרם,false,,6.90,0.0319,true,1,1437967
4823077632259,false,חטיף שוקולד רושן עם בוטנים 43גר',רושן Roshen,UA,חטיף שוקולד רושן עם,גרמים,38.00,100 גרם,false,,3.50,0.0921,true,1,1437968
4823077632396,false,אישי וופל רושן בטעם,Unknown,,אישי וופל רושן בטעם,גרמים,72.00,100 גרם,false,,3.50,0.0486,true,1,1437970
4823077632570,false,שוקולד רושן מריר 85 גר BRUT,רושן,UA,שוקולד רושן מריר 85,גרמים,85.00,100 גרם,false,,6.90,0.0812,true,1,1437973
4823077632587,false,שוקולד רושן חלב עם שקד שלם 90 גר LACMI,רושן,,שוקולד רושן חלב עם ש,גרמים,90.00,100 גרם,false,,8.50,0.0944,true,1,1437974
4823077632594,false,שוקולד רושן חלב עם אגוז שלם 90 גר LACMI,רושן,,שוקולד רושן חלב עם א,גרמים,90.00,100 גרם,false,,8.50,0.0944,true,1,1437975
4823077633034,false,"גליליות וופל רושן ""קונאפטו"" קקאו 140 ג",רושן,,גליליות רושן קונאפטו,גרמים,140.00,100 גרם,false,,6.90,0.0493,true,1,1437978
4823077633058,false,"גליליות וופל רושן ""קונאפטו"" אגוז 140 ג",רושן,,גליליות רושן קונאפטו,גרמים,140.00,100 גרם,false,,6.90,0.0493,true,1,1437979
4823077633317,false,"עוגיות ""LOVITA"" שוקולד עם חתיכות שוקולד 150 גר",,,עוגיות לביטה שוקולד,גרמים,150.00,100 גרם,false,,6.90,0.0460,true,1,1437980
4823077633324,false,"עוגיות שוקוצ'יפס "" LOVITA"" חתיכות שוקולד 150גר",,,עוגיות שוקוצ'יפס לבי,גרמים,150.00,100 גרם,false,,6.90,0.0460,true,1,1437981
4823077633331,false,"עוגיות רושן ""LOVITA"" בטעם תפוז 150 גר",,,עוגיות רושן לוביטה ב,גרמים,150.00,100 גרם,false,,6.90,0.0460,true,1,1439907
4823077633348,false,"עוגיות רושן ""LOVITA"" עם חתיכות בוטנים 150 גר",,,עוגיות רושן לביטה עם,גרמים,15.00,100 גרם,false,,6.90,0.4600,true,1,1437982
4823077633508,false,חטיף שוקולד רושן במילוי קרם קקאו מצופה 34 גרם,,UA,חטיף וופל במילוי קרם,גרמים,34.00,100 גרם,false,,3.50,0.1029,true,1,1440782
4823077633515,false,חטיף שוקולד רושן במילוי קרם חלבי מצופה 34 גרם,,UA,חטיף וופל במילוי קרם,גרמים,34.00,100 גרם,false,,3.50,0.1029,true,1,1440783
4823077634178,false,עוגיות עם מילוי תפוח קינמון 168 גר LOVITA,,,עוגיות לביטה עם מילו,גרמים,168.00,100 גרם,false,,6.90,0.0411,true,1,1437988
4823077634192,false,עוגיות עם מילוי דובדבן וניל 168 גר LOVITA,,,עוגיות לביטה עם מילו,גרמים,168.00,100 גרם,false,,6.90,0.0411,true,1,1437989
4823077634222,false,עוגיות Lovita ממולאות ג'לי תפוז מצופות צימקאו,רושן Roshen,,עוגיות לביטה תפוז 13,גרמים,135.00,100 גרם,false,,6.90,0.0511,true,1,1437990
4823077634246,false,עוגיות Lovita ממולאות ג'לי פטל מצופות צימקאו,רושן Roshen,,עוגיות לביטה פטל 135,גרמים,135.00,100 גרם,false,,6.90,0.0511,true,1,1437991
4823077634277,false,עוגיות Lovita ממולאות ג'לי תות שדה מצופות צימקאו,רושן Roshen,,עוגיות תות שדה לוביט,גרמים,135.00,100 גרם,false,,6.90,0.0511,true,1,1439908
4823077634369,false,שוקולד רושן חלב אוורירי ופצפוצי אורז 85 גר LACMI CRISP,,UA,שוקולד רושן חלב אוור,גרמים,85.00,100 גרם,false,,6.90,0.0812,true,1,1440785
4823077634413,false,"עוגות אישיות ""TOO COOL"" תות שדה 270 גר",,,עוגות אישיות תות שדה,גרמים,270.00,100 גרם,false,,14.90,0.0552,true,1,1437993
4823077634420,false,"עוגות אישיות ""TOO COOL"" חלב 270 גר 6 יחידות",,,עוגות אישיות חלב 270,גרמים,270.00,100 גרם,false,,14.90,0.0552,true,1,1437994
4823077634741,false,עוגיות עם מילוי תות שדה 168 גר LOVITA,,,עוגיות עם מילוי תות,גרמים,168.00,100 גרם,false,,6.90,0.0411,true,1,1439909
4823077635533,false,חטיף וופל רושן קרם חלב 350 גר JOHNY KROCKER,,,וופל רושן קרם חלב גו,גרמים,350.00,100 גרם,false,,17.90,0.0511,true,1,1438619
4823077635564,false,חטיף וופל רושן קרם קקאו במשקל,,UA,חטיף וופל רושן קרם ק,גרמים,1000.00,100 גרם,false,,39.90,0.0399,true,1,1439910
4823077635793,false,"וופלים דקיקים רושן ""THINS"" בטעם חלב וניל",,UA,וופלים דקיקים רושן ב,גרמים,55.00,100 גרם,false,,4.90,0.0891,true,1,1441884
4823077636004,false,עוגיות Lovita ממולאות ג'לי דובדבן מצופות צימקאו,רושן Roshen,,עוגיות קקאו דובדבן ל,גרמים,135.00,100 גרם,false,,6.90,0.0511,true,1,1439912
4823077636172,false,וופל רושן בטעם לימון 216 גר,,UA,וופל רושן בטעם לימון,גרמים,216.00,100 גרם,false,,5.90,0.0273,true,1,1440159
4823077636547,false,"סוכריות ממולאות בטעם פירות ""בים בום"" 468 גר",רושן,,סוכריות ממולאות בטעם,גרמים,468.00,100 גרם,false,,12.90,0.0276,true,1,1440051
4823077636554,false,סוכריות ממולאות קרם בטעם חלב 378ג ROSHEN,רושן,,סוכריות ממולאות קרם,גרמים,378.00,100 גרם,false,,12.90,0.0341,true,1,1440052
4823077636561,false,סוכריות ממולאות חלב קפה 378 גר ROSHEN,רושן,,סוכריות ממולאות בטעם,גרמים,378.00,100 גרם,false,,12.90,0.0341,true,1,1440053
4823077636578,false,סוכריות טופי כוס חלב 325 גר   MILKY SPLASH,רושן,,סוכריות טופי כוס חלב,גרמים,325.00,100 גרם,false,,12.90,0.0397,true,1,1440054
4823077636585,false,"רושן סוכריות טופי ""מינקי בינקי"" 325 גר",רושן,,סוכריות טופי רושן 32,גרמים,325.00,100 גרם,false,,12.90,0.0397,true,1,1440055
4823077636592,false,סוכריות גלי קרייזי פצולקה 378 גר ROSHEN,רושן,,סוכריות ג'לי רושן 37,גרמים,378.00,100 גרם,false,,12.90,0.0341,true,1,1440056
4823077636608,false,סוכריות טופי במילוי שוקולד 325 גר ROSHEN,רושן,,סוכריות טופי רושן במ,גרמים,325.00,100 גרם,false,,12.90,0.0397,true,1,1440057
4823097809815,false,גלידה חלבית עם אוכמניות כחולות ושחורות 85 גרם,ז'יטומרסקי זאבוד,LV,גלידה חלבית עם אוכמנ,גרמים,85.00,100 גרם,false,,5.90,0.0694,true,1,1440366
4860019001414,false,"בקבוק מים בוז'ורמי 750 מ""ל",אי.די.אס בורג'יומי,,מים מינרלים בורז'ומי,מיליליטרים,750.00,"100 מ""ל",false,,8.90,0.0119,true,1,1416255
4903001904192,false,"רוטב סויה יאמסה פרימיום 500 מ""ל",הדקלאים אגודת שיתופי,JP,רוטב סויה יאמסה 500,מיליליטרים,500.00,"100 מ""ל",false,,18.90,0.0378,true,1,1412305
5000127533196,false,קלוגס וורייטי שמינייה 191 גרם,חברת קלוגס בריטניה,GB,קלוגס ווראייטי 191 ג,גרמים,191.00,100 גרם,false,,22.90,0.1199,true,1,1408174
5000157143365,false,מתבל בטעם מיונז וקטשופ היינץ 425 ג',היינץ Heinz,PL,רוטב טעם מיונז וקטשו,מיליליטרים,425.00,"100 מ""ל",false,,15.90,0.0374,true,1,1430016
5000159020312,false,מלטיזרס אריזה קטנה 37 גרם,מלטיזרס Maltesers,NL,מלטיזרס 37 גרם,גרמים,37.00,100 גרם,false,,4.90,0.1324,true,1,1417688
5000159376655,false,סוכריות SKITTLES פירות קטן 38 גרם אדום,ריגלי ממתקים,NL,סקיטלס פירות 38 גרם,גרמים,38.00,100 גרם,false,,3.00,0.0789,true,1,1417689
5000159376792,false,סוכריות סקיטלס Skittles פירות חמוצים,ריגלי ממתקים,NL,סקיטלס פירות חמוצים,גרמים,38.00,100 גרם,false,,3.00,0.0789,true,1,1417690
5000159538640,false,באונטי מארז חטיף 57 גרם חמישייה,באונטי,NL,מאגדת באונטי 5*57 גר,גרמים,285.00,100 גרם,false,,12.90,0.0453,true,1,1435007
5000168199245,false,שוקולד חלב מעולה בתוספת קרמל מלוח פיור גודייבה 90 ג',"אולקר מקבוצת פלאדיס,",TR,שוקולד חלב מעולה קרם,גרמים,90.00,100 גרם,false,,14.90,0.1656,true,1,1434979
5000189974579,false,מארז מיני חטיפי קיט קט Kit Kat,ליימן מותגים,DE,קיט קט מיני חטיף ופל,גרמים,200.00,100 גרם,false,,14.90,0.0745,true,1,1412306
5010038454831,false,"בקבוק בירה בלומון 330 מ""ל",בלו מון ברווינז קומפ,IL,בקבוק בירה בלומון 33,מיליליטרים,330.00,"100 מ""ל",false,,12.90,0.0391,true,1,1411853
5010102243064,false,בריטוויק מי טוניק מו,,,בריטוויק מי טוניק מו,מיליליטרים,850.00,"100 מ""ל",false,,8.90,0.0105,true,1,1437767
5010478678811,false,לקקן לולי פיז,,,לקקן לולי פיז,יחידה,1.00,יחידה,false,,1.50,1.5000,true,1,1414433
5010677551281,false,"בקרדי בריזר לימון 275 מ""ל בקבוק",בקרדי בריזר Bacardi Breezer,BE,משקה אלכוהולי 4% לימ,מיליליטרים,275.00,"100 מ""ל",false,,14.70,0.0535,true,1,1410615
5010677551397,false,"בקרדי בריזר לימון ליים 275 מ""ל",בקרדי בריזר Bacardi Breezer,BE,משקה אלכוהולי ליים 4,מיליליטרים,275.00,"100 מ""ל",false,,15.00,0.0545,true,1,1410616
5010677552387,false,"בקרדי בריזר אננס 275 מ""ל בקבוק",בקרדי בריזר Bacardi Breezer,BE,משקה אלכוהולי 4% אננ,מיליליטרים,275.00,"100 מ""ל",false,,14.70,0.0535,true,1,1410617
5010677554398,false,"בקרדי בריזר אבטיח 275 מ""ל בקבוק",בקרדי בריזר Bacardi Breezer,BE,משקה אלכוהולי 4% אבט,מיליליטרים,275.00,"100 מ""ל",false,,14.70,0.0535,true,1,1410618
5013387205826,false,פרואט-חטיף ללא גלוטן שוקולד 100 גרם,,GB,חטיף ללא גלוטן שוקול,גרמים,100.00,100 גרם,false,,15.90,0.1590,true,1,1440605
5014271300429,false,"מעדן בטעם משמש לל""ס סאן דלפור 284 גרם",סנדלפור St.dalfour,FR,מעדן משמש 284 גרם סא,גרמים,284.00,100 גרם,false,,19.90,0.0701,true,1,1408962
5014271330426,false,מעדן אוכמניות כחולות ללא תוספת סוכר 284 גרם,סנדלפור St.dalfour,FR,מעדן אוכ' כחול 284 ג,גרמים,284.00,100 גרם,false,,19.90,0.0701,true,1,1408964
5014271400426,false,"מעדן בטעם תות שדה לל""ס סאן דלפור 284 גרם",המאפיה של הרמן,FR,מעדן סאנט דלפור תות,גרמים,284.00,100 גרם,false,,19.90,0.0701,true,1,1408968
5035766060253,false,"בירה מרפיס, בירת סטאוט, פחית 500 מ""ל",מרפיס Murphys,IE,בירה מרפיס פחית סטאו,מיליליטרים,500.00,"100 מ""ל",false,,12.90,0.0258,true,1,1410624
5050083559761,false,דגני בוקר קלוגס קוקו פופס שוקוס 500 גרם,קלוגס מניופקטורינג א,DE,קלוגס קוקו פופס שוקו,גרמים,500.00,100 גרם,false,,19.90,0.0398,true,1,1408175
5053827213998,false,דגני בוקר קלוגס ספיישל קיי 375 גר,,GB,קלוגס ספיישל קיי 375,גרמים,375.00,100 גרם,false,,21.90,0.0584,true,1,1441896
5060517886486,false,"מונסטר משקה אנרגיה קלאסי 500 מ""ל",מונסטר אנרג'י Monster Energy,RU,משקה אנרגיה מונסטר א,מיליליטרים,500.00,"100 מ""ל",false,,7.50,0.0150,true,1,1425669
5060517886516,false,מונסטר אנרגי משקה אנרגיה אבסולוטלי זירו,מונסטר אנרג'י Monster Energy,RS,משקה אנרגיה זירו מונ,מיליליטרים,500.00,"100 מ""ל",false,,8.20,0.0164,true,1,1425670
5060751219033,false,מונסטר אנרגי משקה אנרגיה אולטרה פרדייז,מונסטר אנרג'י לימטד,IE,משקה אנרגיה מונסטר 5,מיליליטרים,500.00,"100 מ""ל",false,,7.50,0.0150,true,1,1439983
5200100943749,false,עוגיות משיבולת שועל במילוי חמאת בוטנים,Violanta Cookies S.A,GR,עוגיות סנדוויץ במילו,גרמים,180.00,100 גרם,false,,11.90,0.0661,true,1,1438433
5200100943787,false,עוגיות משיבולת שועל במילוי שוקולד מריר,Violanta Cookies S.A,GR,עוגיות סנדוויץ במילו,גרמים,180.00,100 גרם,false,,11.90,0.0661,true,1,1438435
5200100943800,false,עוגיות סובין שוקולד מריר 170 גר VIOLANTA,Violanta Cookies S.A,GR,עוגיות סובין במילוי,גרמים,170.00,100 גרם,false,,11.90,0.0700,true,1,1438436
5200100943824,false,עוגיות סובין קרם טחינה 170 גר VIOLANTA,Violanta Cookies S.A,GR,עוגיות סובין במילוי,גרמים,170.00,100 גרם,false,,11.90,0.0700,true,1,1438437
5200100945194,false,זירו עוגיות וניל עם,,,זירו עוגיות וניל עם,גרמים,170.00,100 גרם,false,,13.90,0.0818,true,1,1439913
5200100945217,false,זירו עוגיות וניל תפו,,,זירו עוגיות וניל תפו,גרמים,170.00,100 גרם,false,,13.90,0.0818,true,1,1439915
5200133120292,false,גולדן ברייק גליליות וופל אגוזים ושוקולד ללא תוספת סוכר 135 גרם,גולדן ברייק,GR,גליליות וופל ללא תוס,גרמים,135.00,100 גרם,false,,6.90,0.0511,true,1,1408179
5200133120506,false,גליליות וופלים קרם אגוזים וקקאו 150 גרם,קוארטט אס.אי,GR,גליליות קקאו אגוזים,גרמים,150.00,100 גרם,false,,6.90,0.0460,true,1,1408182
5200133120582,false,גולדן ברייק גליליות וופל במילוי קרם עם שוקולד מריר 150 גרם,גולדן ברייק Golden break,GR,גליליות וופל במילוי,גרמים,150.00,100 גרם,false,,6.90,0.0460,true,1,1408183
5201004020338,false,קפריס רולס קלאסיק 400 גרם,פפדופולוס,GR,קפריס רולס קלאסיק 40,גרמים,400.00,100 גרם,false,,19.90,0.0497,true,1,1437904
5201246002215,false,בירה פילס היילס Pils Hellas,הלניק בריויריס אוף א,GR,בירה פילס היילס 500,מיליליטרים,500.00,"100 מ""ל",false,,6.20,0.0124,true,1,1408359
5201583042028,false,סוכ' ל.סוכר טופי פיר,PALLAS,GR,סוכ' ל.סוכר טופי פיר,גרמים,175.00,100 גרם,false,,12.00,0.0686,true,1,1419293
5201583045098,false,סוכריות טופי קפה פאל,PALLAS,GR,"טופי קפה פאלאס 1 ק""ג",קילוגרמים,1.00,"ק""ג",true,,29.00,29.0000,true,1,1419295
5201583054038,false,סוכריות בטעם פירות ל,,,סוכ' בטעם פירות ללא,גרמים,150.00,100 גרם,false,,11.00,0.0733,true,1,1419298
5201583084035,false,סוכ.4 טעמים ללא סוכר,PALLAS,GR,סוכ' 4 טעמים ללא סוכ,גרמים,150.00,100 גרם,false,,11.90,0.0793,true,1,1419299
5201583115098,false,סוכריות ג'לי פירות 1,PALLAS,,סוכ' ג'לי פירות מש',גרמים,1000.00,100 גרם,false,,29.00,0.0290,true,1,1419300
5201583116095,false,סוכריות מיני גלי פיר,PALLAS,GR,סוכ' מיני ג'לי פירות,גרמים,1000.00,100 גרם,false,,29.00,0.0290,true,1,1419301
5202175001515,false,נאצ'וס בטעם מלוח 225 גרם,אל סבור מקסיקן פוד,TW,נאצ'וס בטעם מלוח 225,גרמים,225.00,100 גרם,false,,10.90,0.0484,true,1,1412111
5202175001546,false,נאצוס בטעם ברביקיו 225 גר,אל סבור מקסיקן פוד,TW,נאצ'וס בטעם ברביקיו,גרמים,225.00,100 גרם,false,,10.90,0.0484,true,1,1412112
5202175002581,false,"טורטיה 20 ס""מ 5 יח 200 גר",אל סאבור,,"טורטיה 20 ס""מ (5 יח'",יחידה,5.00,יחידה,false,,8.90,1.7800,true,1,1412114
5400265012186,false,בונבוניירה קופידו-פרלינים בלגים 500 גרם,HAMLET NV,,פרלינים בלגים קופידו,גרמים,100.00,100 גרם,false,,79.90,0.7990,true,1,1441245
5400265022796,false,המלט- שוקוליס דפדפי קריספי 125 גר,HAMLET NV,,דפדפי שוקולד חלב פרי,גרמים,125.00,100 גרם,false,,15.90,0.1272,true,1,1409264
5400265022802,false,המלט- שוקוליס דפדפי שוקולד 57% 125 גר,HAMLET NV,BE,דפדפי שוקולד מריר פר,גרמים,125.00,100 גרם,false,,15.90,0.1272,true,1,1409265
5400265022819,false,המלט- שוקוליס דפדפי אגוז קריספי 125 גר,HAMLET NV,,דפדפי שוקולד חלב פרי,גרמים,125.00,100 גרם,false,,15.90,0.1272,true,1,1409266
5400265022826,false,המלט- שוקוליס דפדפי תפוז קריספי 125 גר,HAMLET NV,,דפדפי שוקולד חלב תפו,גרמים,125.00,100 גרם,false,,15.90,0.1272,true,1,1409267
5400265024349,false,המלט מאפה מבצק עלים מסוכר 250 גר,HAMLET NV,,מאפה מסוכר בשקית המל,גרמים,250.00,100 גרם,false,,11.90,0.0476,true,1,1440613
5400265032320,false,המלט-אריזת מתנה צסטרפילד שחור 125 גר,,,אריזת מתנה צ'סטרפילד,גרמים,100.00,100 גרם,false,,21.90,0.2190,true,1,1441247
5400265035253,false,המלט- שוקוליס דפדפי קרמל ומלח 125 גר,,,דפדפי שוקולד קרמל ומ,גרמים,100.00,100 גרם,false,,15.90,0.1590,true,1,1441248
5400265035932,false,המלט פרלינים אקסלסיום כסף 180 גרם,,,פרלינים אקסלסיום כסף,גרמים,180.00,100 גרם,false,,16.90,0.0939,true,1,1436023
5400265038841,false,המלט-שוקו פרינסס שוקולד חלב 100 גרם,,,שוקולד חלב פרינסס המ,גרמים,100.00,100 גרם,false,,11.90,0.1190,true,1,1438477
5400265040974,false,המלט-פרלינים בלגים דיזרט 200 גר,,,פרלינים בלגים דיזרט,גרמים,100.00,100 גרם,false,,44.90,0.4490,true,1,1441253
5410126006087,false,עוגיות לוטוס ארוזות בתפזורת 700 גרם,לוטוס ביקרי נ.וי.,BE,עוגיות לוטוס 700 גרם,גרמים,700.00,100 גרם,false,,26.90,0.0384,true,1,1408184
5410126106183,false,עוגיות לוטוס 50 יחידות ארוזות בנפרד 312 גרם,כלורוקס אוקלנד,BE,ביסקויט ביסקפה לוטוס,גרמים,312.00,100 גרם,false,,19.90,0.0638,true,1,1408187
5410126116953,false,ממרח לוטוס ביסקויט קרמל 400 גרם,לוטוס בייקרי בלגיה נ,BE,לוטוס ממרח ביסקוויט,גרמים,400.00,100 גרם,false,,23.90,0.0597,true,1,1408188
5410126666038,false,לוטוס עוגיות קרמל 279 גרם,לוטוס ביקרי נ.וי,BE,ביסקוויט בטעם קרמל ל,גרמים,279.00,100 גרם,false,,12.90,0.0462,true,1,1433196
5410228267515,false,"שישיית בירה לאגר באדוויזר 6*330 מ""ל",באדווייזר Budweiser,GB,בירה באדוויזר שישייה,מיליליטרים,1980.00,"100 מ""ל",false,,39.90,0.0202,true,1,1411855
5410291022011,false,ממרח אגוזי לוז עם קקאוי 350 ג' צ'וקטה,צ'וקטה Chocketa,BE,צ'וקטה ממרח אגוזי לו,גרמים,350.00,100 גרם,false,,10.90,0.0311,true,1,1412307
5411188094159,false,"אלפרו מעדן סויה בטעם שוקולד מריר 4*125 מ""ל",הנסיך- מפעל לייצור ט,BE,אלפרו מעדן סויה שוקו,מיליליטרים,500.00,"100 מ""ל",false,,16.90,0.0338,true,1,1414143
5411188112709,false,"משקה קוקוס אלפרו 1 ליטר משקה שקדים לל""ס",הנסיך- מפעל לייצור ט,BE,אלפרו משקה שקדים ללס,מיליליטרים,1000.00,"100 מ""ל",false,,13.90,0.0139,true,1,1414151
5411188118732,false,אלפרו משקה קוקוס ושקדים 1 ליטר,הנסיך- מפעל לייצור ט,BE,אלפרו משקה שקדים קוק,מיליליטרים,1000.00,"100 מ""ל",false,,13.90,0.0139,true,1,1414156
5411188120742,false,משקה קוקוס אלפרו 1 ליטר שקדים וניל 1 ל',הנסיך- מפעל לייצור ט,BE,אלפרו משקה שקדים וני,מיליליטרים,1000.00,"100 מ""ל",false,,13.90,0.0139,true,1,1414157
5411188121978,false,"משקה סויה בטעם שוקולד 3 * 250 מ""ל אלפרו",אלפרו C.V.A,BE,אלפרו משקה סויה שוקו,מיליליטרים,750.00,"100 מ""ל",false,,14.90,0.0199,true,1,1414159
5411188124689,false,משקה שיבולת שועל ללא סוכר 1ל' אלפרו,אלפרו Alpro,BE,אלפרו משקה שיבולת שו,מיליליטרים,1000.00,"100 מ""ל",false,,13.90,0.0139,true,1,1432900
5411188126195,false,אלפרו משקה שקדים אורגני 1ל מפוקח סקאל,אלפרו Alpro,BE,אלפרו משקה שקדים אור,מיליליטרים,1000.00,"100 מ""ל",false,,13.90,0.0139,true,1,1414165
5411188134985,false,אלפרו 3.5% NOT M*LK שיבולת שועל 1 ליטר בית יוסף,הנסיך- מפעל לייצור ט,BE,אלפרו שיבולת שועל 3.,מיליליטרים,1000.00,"100 מ""ל",false,,13.90,0.0139,true,1,1437002
5411188135005,false,אלפרו 1.8% NOT M*LK שיבולת שועל 1 ליטר בית יוסף,הנסיך- מפעל לייצור ט,BE,אלפרו שיבולת שועל 1.,מיליליטרים,1000.00,"100 מ""ל",false,,13.90,0.0139,true,1,1437003
5411188543398,false,אלפרו משקה סויה ללא סוכר 1 ליטר,הנסיך- מפעל לייצור ט,BE,"אלפרו משקה סויה לל""ס",מיליליטרים,1000.00,"100 מ""ל",false,,13.90,0.0139,true,1,1432556
5412956213420,false,טבלת שוקולד מריר בלג,,,טבלת שוקולד מריר בלג,גרמים,100.00,100 גרם,false,,12.90,0.1290,true,1,1434244
5412956213437,false,טבלת שוקולד מריר בלג,,,טבלת שוקולד מריר בלג,גרמים,100.00,100 גרם,false,,12.90,0.1290,true,1,1434245
5412956213451,false,שוקולד מריר קאשט אורגני 57% דובדבן ושקד,KIMS,BE,טבלת שוקולד מריר בלג,גרמים,100.00,100 גרם,false,,12.90,0.1290,true,1,1434247
5412956213482,false,שוקולד חלב קאשט אורגני שברי קרמל ומלח100,KIMS,BE,קאשט אורגני טב' שוקו,גרמים,55.00,100 גרם,false,,11.90,0.2164,true,1,1440028
5412956213598,false,קאשט אורגני טב' שוקו,,,קאשט אורגני טב' שוקו,גרמים,71.00,100 גרם,false,,11.90,0.1676,true,1,1440030
5412956213772,false,טב' שוקולד חלב עם שב,,,טב' שוקולד חלב עם שב,גרמים,100.00,100 גרם,false,,9.90,0.0990,true,1,1441341
5412956214519,false,שוקולד מריר עם תפוז ושקדים 100 גרם,Kim's Chocolates NV,BE,טבלת שוקולד מריר בלג,גרמים,100.00,100 גרם,false,,9.90,0.0990,true,1,1419304
5412956214526,false,שוקולד מריר עם אגס ושקדים 100 גרם,Kim's Chocolates NV,BE,טבלת שוקולד מריר בלג,גרמים,100.00,100 גרם,false,,9.90,0.0990,true,1,1419305
5412956214533,false,שוקולד מריר עם לימון ופלפל שחור 100 גרם,Kim's Chocolates NV,BE,טבלת שוקולד מריר בלג,גרמים,100.00,100 גרם,false,,9.90,0.0990,true,1,1419306
5412956214540,false,שוקולד מריר עם גינגר ואוכמניות 100 גרם,Kim's Chocolates NV,BE,טב' שוקולד מריר עם ג,גרמים,70.00,100 גרם,false,,8.90,0.1271,true,1,1419307
5412956214670,false,שוקולד מריר 70% קקאו 100 גרם,Kim's Chocolates NV,BE,טב' שוקולד מריר 70%,גרמים,90.00,100 גרם,false,,8.90,0.0989,true,1,1419311
5412956221173,false,שוקולד קאשט מריר 70% קקאו 180 גר,KIMS,BE,קאשט FUN BAR מריר 70,גרמים,180.00,100 גרם,false,,12.90,0.0717,true,1,1441342
5412956221180,false,שוקולד קאשט מריר שברי שקדים ומלח ים 180ג,KIMS,BE,קאשט FUN BAR מריר עם,גרמים,180.00,100 גרם,false,,12.90,0.0717,true,1,1441343
5412956221197,false,שוקולד קאשט חלב שברי בייגלה ובראוניז180ג,KIMS,BE,קאשט FUN BAR חלב עם,גרמים,180.00,100 גרם,false,,12.90,0.0717,true,1,1441344
5412956221203,false,שוקולד חלב קאשט שברי קרמל ומלח ים 180 גר,KIMS,BE,קאשט FUN BAR חלב עם,גרמים,180.00,100 גרם,false,,12.90,0.0717,true,1,1441345
5413121351602,false,לבבות שוקולד בלגי בל,BCG,,לבבות שוקולד בלגי בל,גרמים,65.00,100 גרם,false,,9.90,0.1523,true,1,1438494
5413121355082,false,שוקולד בלגי מריר משובח 72 פרסטיז 100 גרם,BCG,,שוקולד בלגי מריר 72%,גרמים,100.00,100 גרם,false,,11.90,0.1190,true,1,1441257
5413121355099,false,בלג'יאן-שוקולד מריר 72% פוךי קפה 100ג',BCG,,שוקו מריר %72 פולי ק,גרמים,100.00,100 גרם,false,,11.90,0.1190,true,1,1441258
5413121359035,false,בלגיאן טראפלס בלגי קקאו אורגינל 200 גרם,,,טראפלס קקאו אורגינל,גרמים,200.00,100 גרם,false,,14.90,0.0745,true,1,1438484
5413121359066,false,בלגיאן טראפלס בלגי שברי פו קקאו 200 גרם,,,טראפלס קקאו שברי פול,גרמים,200.00,100 גרם,false,,14.90,0.0745,true,1,1438485
5413121359769,false,לבבות וצדפי שוקולד 195ג' בלגיאן,BCG,BE,בונבונירה צדפי שוקול,גרמים,195.00,100 גרם,false,,13.90,0.0713,true,1,1409277
5413121361151,false,פרל דאור לבבות שוקול,,,פרל דאור לבבות שוקול,גרמים,65.00,100 גרם,false,,8.90,0.1369,true,1,1423083
5413121361687,false,בונ.בלגיאן סוסוני ים במילוי טראפל 135 גר,BCG,,בלג'יאן-סוסוני ים במ,גרמים,135.00,100 גרם,false,,15.90,0.1178,true,1,1421828
5413121361694,false,בונ.בלגיאן סוסוני ים במילוי קרם אגוז 135,BCG,,בלג'יאן-סוסוני ים במ,גרמים,135.00,100 גרם,false,,15.90,0.1178,true,1,1421829
5413121363513,false,שוקולד מריר דובדבן בלגיאן 100 גרם,BCG,,שוקולד מריר דובדבן ב,גרמים,100.00,100 גרם,false,,11.90,0.1190,true,1,1441261
5413121365616,false,שוקולד בלגי מריר 90% בלגיאן 100 גרם,BCG,,שוקולד מריר משובח 90,גרמים,100.00,100 גרם,false,,11.90,0.1190,true,1,1441262
5413121368136,false,בונבוניירת לבבות ברא,,,בונבוניירת לבבות ברא,גרמים,65.00,100 גרם,false,,8.90,0.1369,true,1,1440616
5413202171105,false,בונ פרלינים בלגיים 1,DELAFAILLE,BE,בונ' פרלינים בלגיים,גרמים,100.00,100 גרם,false,,19.90,0.1990,true,1,1435820
5413202173109,false,בונ פרלינים בלגיים 1,DELAFAILLE,BE,בונ' פרלינים בלגיים,גרמים,100.00,100 גרם,false,,19.90,0.1990,true,1,1435821
5413202178616,false,בונ' פרלינים בלגיים,,,בונ' פרלינים בלגיים,גרמים,100.00,100 גרם,false,,24.90,0.2490,true,1,1419318
5413202210507,false,בונ' טרופל בלגי אורג,,,בונ' טרופל בלגי אורג,גרמים,50.00,100 גרם,false,,9.90,0.1980,true,1,1441347
5413202210521,false,בונ' טרופל בלגי קרמל,,,בונ' טרופל בלגי קרמל,גרמים,100.00,100 גרם,false,,9.90,0.0990,true,1,1441349
5413202350005,false,קופסה טרופל בלגי טיר,,,קופסה טרופל בלגי טיר,גרמים,200.00,100 גרם,false,,18.90,0.0945,true,1,1441353
5413202350012,false,קופסה טרופל בלגי אור,,,קופסה טרופל בלגי אור,גרמים,200.00,100 גרם,false,,18.90,0.0945,true,1,1441354
5413202350050,false,קופסה טרופל בלגי קרמ,,,קופסה טרופל בלגי קרמ,גרמים,200.00,100 גרם,false,,18.90,0.0945,true,1,1441355
5413202810011,false,בונ' פרלינים בלגיים,,,בונ' פרלינים בלגיים,גרמים,200.00,100 גרם,false,,33.90,0.1695,true,1,1435823
5413202810042,false,בונ' פרלינים בלגיים,,,בונ' פרלינים בלגיים,גרמים,100.00,100 גרם,false,,19.90,0.1990,true,1,1435824
5413202810127,false,בונ פרלינים בלגיים 100 גר DELAFAILLE,,BE,בונ' פרלינים בלגיים,גרמים,200.00,100 גרם,false,,24.90,0.1245,true,1,1441357
5413202810134,false,בונ פרלינים בלגיים 200 גר DELAFAILLE,,,בונ' פרלינים בלגיים,גרמים,200.00,100 גרם,false,,39.90,0.1995,true,1,1441358
5413202810165,false,בונ' פרלינים בלגיים,,,בונ' פרלינים בלגיים,גרמים,400.00,100 גרם,false,,69.90,0.1748,true,1,1441359
5413548040479,false,בונבוניירה רפאלו 240 גרם,ליימן-שליסל,PL,רפאלו שוקולד מצופה ק,גרמים,240.00,100 גרם,false,,23.90,0.0996,true,1,1415406
5413548280189,false,קינדר שוקובון 16 יחידות,קינדר,BE,מיני ביצי שוקולד חלב,גרמים,125.00,100 גרם,false,,12.70,0.1016,true,1,1415407
5420066330234,false,ביאנקה טרופל בטעם אגוזים 175 גרם,,,טראפלס בטעם אגוזים ב,גרמים,100.00,100 גרם,false,,11.90,0.1190,true,1,1441267
5420066370001,false,טראפל בלגי קרמל 150 גרם,,,טראפלס בלגי בטעם קרמ,גרמים,150.00,100 גרם,false,,10.90,0.0727,true,1,1409283
5420066370025,false,טראפלס בלגי בטעם קפה,,,טראפלס בלגי בטעם קפה,גרמים,150.00,100 גרם,false,,10.90,0.0727,true,1,1409285
5420066370384,false,טראפל בלגי אגוזים 150 גרם,,,טראפלס בלגי בטעם אגו,גרמים,150.00,100 גרם,false,,10.90,0.0727,true,1,1409288
5449000000439,false,קוקה קולה 1.5 ליטר,,,קוקה קולה 1.5 ל',מיליליטרים,1500.00,"100 מ""ל",false,,6.90,0.0046,true,1,1406074
5566774568870,false,"סיר מיני שף 14 ס""מ",,,"סיר מיני שף 14 ס""מ",יחידה,1.00,יחידה,false,,44.90,44.9000,true,1,1417208
5566774569136,false,לקקן סיליקון איכותי,,,לקקן סיליקון משובח,יחידה,1.00,יחידה,false,,9.90,9.9000,true,1,1417216
5566774569693,false,סכין שף סנטוקו איכות,,,סכין שף סנטוקו איכות,יחידה,1.00,יחידה,false,,19.90,19.9000,true,1,1427767
5566774570682,false,מחבת לפנקייק משובחת,,,מחבת לפנקייק משובחת,יחידה,1.00,יחידה,false,,54.90,54.9000,true,1,1427775
5701932026964,false,"הוטפופ גרעיני תירס להכנת פופקורן במיקרוגל בטעם טבעי, בתוספת מלח, 600 גרם",ליימן מותגים,US,פופקורן למיקרוגל בתו,גרמים,600.00,100 גרם,false,,16.90,0.0282,true,1,1412311
5701932026971,false,הוטפופ גרעיני תירס להכנת פופקורן במיקרוגל בטעם חמאה 600 גרם,ליימן מותגים,US,פופקורן למיקרוגל בטע,גרמים,600.00,100 גרם,false,,16.90,0.0282,true,1,1412312
5701932026995,false,"הוטפופ גרעיני תירס להכנת פופקורן במיקרוגל בטעם טבעי מופחת שומן, 510 גרם",קריניציה ויטמינה אס,US,פופקורן בטעם טבעי הו,גרמים,510.00,100 גרם,false,,15.90,0.0312,true,1,1425999
5711953106583,false,גבינת שמנת בטעם טבעי 200 גרם ארלה,ארלה פודס אמבה,DK,גבינת שמנת 24.5% בטע,גרמים,200.00,100 גרם,false,,15.90,0.0795,true,1,1422620
5711953106590,false,גבינת שמנת ארלה שמנת שום 200 גרם,ארלה פודס אמבה,DK,גבינת שמנת 24% שומן,גרמים,200.00,100 גרם,false,,15.90,0.0795,true,1,1422621
5711953106606,false,גבינת שמנת עם תבלינים ועשבי תיבול 23.5%,ארלה פודס אמבה,DK,גבינת שמנת 23.5% עם,גרמים,200.00,100 גרם,false,,15.90,0.0795,true,1,1422622
5740900403215,false,ממרח מחמאת לורפק עם מלח 250 ג',לורפאק Lurpak,DK,ממרח לורפק עם מלח 25,גרמים,250.00,100 גרם,false,,16.90,0.0676,true,1,1405566
5740900403222,false,ממרח לורפק חמאה עם מלח מופחת שומן 250 ג,לורפאק Lurpak,DK,ממרח לורפק עם מלח מו,גרמים,250.00,100 גרם,false,,16.90,0.0676,true,1,1405567
5740900403239,false,ממרח לורפק ללא תוספת מלח 250 גר,לורפאק Lurpak,DK,ממרח לורפק בלי מלח 2,גרמים,250.00,100 גרם,false,,16.90,0.0676,true,1,1405568
5740900403260,false,ממרח מחמאת לורפק ללא מלח 27% פחות שומן,ארלה פודס אמבה,DK,ממרח לורפק ללא מלח מ,גרמים,250.00,100 גרם,false,,16.90,0.0676,true,1,1405571
5740900403864,false,חמאה +מלח 200 גרם לורפק כשרות או קיי,ארלה פודס אמבה,DK,חמאה עם מלח לורפק 20,גרמים,200.00,100 גרם,false,,11.90,0.0595,true,1,1437007
5900020012814,false,דגנים תפוחים בטעם שוקולד נסקוויק נסטלה 500 גרם,מיוצר עי קונדיטוריית,PL,דגני בוקר תפוחים בטע,גרמים,500.00,100 גרם,false,,23.90,0.0478,true,1,1406808
5900020015174,false,פיטנס חטיפי אנרגיה דגנים בטעם שוקולד נסטלה 6*23.5 גרם,מיוצר עי קונדיטוריית,PL,פיטנס חטיף דגנים שוק,גרמים,141.00,100 גרם,false,,14.90,0.1057,true,1,1406809
5900020015181,false,חטיף דגנים שוקולד 6* 23.5 ג' פיטנס,מיוצר עי קונדיטוריית,PL,פיטנס חטיף דגנים שוק,גרמים,23.50,100 גרם,false,,3.90,0.1660,true,1,1406810
5900020018892,false,חטיף בטעם קרם עוגיות 6*23.5 ג' פיטנס,לוביץ',PL,פיטנס חטיף דגנים קרם,גרמים,23.50,100 גרם,false,,3.90,0.1660,true,1,1440981
5900020018908,false,פיטנס חטיפי אנרגיה דגנים בטעם קרם עוגיות נסטלה 6*23.5 גרם,מיוצר עי קונדיטוריית,PL,פיטנס חטיף דגנים עוג,גרמים,141.00,100 גרם,false,,14.90,0.1057,true,1,1406813
5900020022325,false,חטיף סיני מיניס Cini Minis בטעם קינמון - 6 במארז,נסטלה פולין דגני בוק,PL,חטיפי דגנים סיני מינ,100 0,150.00,100 0,false,,14.90,0.0993,true,1,1406821
5900020024770,false,פיטנס - דליס חטיף דגנים שוקולד אגוז 22.50 גרם * 6,נסטלה פולין ברים,PL,חטיף דגנים בטעם אגוז,גרמים,135.00,100 גרם,false,,14.90,0.1104,true,1,1406822
5900020024817,false,פיטנס דליס Fitness Delice חטיף דגנים עם שוקולד לבן,נסטלה פולין ברים,PL,פיטנס בר דליס שוקולד,גרמים,135.00,100 גרם,false,,15.90,0.1178,true,1,1406823
5900020025647,false,פיטנס דליס Fitness Delice חטיף דגנים עם שוקולד חלב,מיוצר עי קונדיטוריית,PL,פיטנס בר דליס שוקולד,גרמים,135.00,100 גרם,false,,15.90,0.1178,true,1,1406824
5900020026552,false,דגני בוקר האני נאט צ'יריוס בטעם דבש ושקדים,נסטלה צרפת איטנקורט,FR,צ'ריוס האני נאט פרוו,גרמים,625.00,100 גרם,false,,23.90,0.0382,true,1,1406828
5900020032454,false,מארז חטיף פיטנס עוגיות 8 X 23.5 גרם,נסטלה פולין ברים,PL,חטיף דגני בוקר עם עו,גרמים,138.00,100 גרם,false,,14.90,0.1080,true,1,1434709
5900020033314,false,חטיף דגני בוקר Lion בטעם קרמל ושוקולד על קרם חלב,נסטלה פולין דגני בוק,PL,חטיף דגני בוקר בטעמי,גרמים,150.00,100 גרם,false,,14.90,0.0993,true,1,1406833
5900020037916,false,דגני בוקר שיבולת שועל צ'ריוס 375ג',ג'נרל מילס סאן אדריא,FR,צ'ריוס שיבולת שועל 3,גרמים,375.00,100 גרם,false,,15.90,0.0424,true,1,1435398
5900020039613,false,חטיף דגנים שקדים ודבש 6*23.5 ג' פיטנס,נסטלה,IT,פיטנס חטיף דגנים שקד,גרמים,23.50,100 גרם,false,,3.90,0.1660,true,1,1440982
5900020041142,false,קורנפלקס פיטנס 500 ג' אסם,סי.פי.פולין,PL,קורנפלקס פיטנס 500,גרמים,500.00,100 גרם,false,,15.90,0.0318,true,1,1441865
5900352002866,false,חטיף שוקולד אליבי מק,אליבי מקס Alibi Max,,חטיף אליבי 49 גרם,גרמים,49.00,100 גרם,false,,2.90,0.0592,true,1,1419680
5900352004044,false,עוגיות יזיקי קוקוס 1,,,עוגיות יזיקי קוקוס 1,גרמים,140.00,100 גרם,false,,6.90,0.0493,true,1,1419681
5900352004457,false,עוגיות יזיקי קפה 140,,,עוגיות יזיקי קפה 140,גרמים,140.00,100 גרם,false,,6.90,0.0493,true,1,1419682
5900352012605,false,טייגר חטיף אליבי קוקוס 49 גרם,אליבי מקס Alibi Max,,אליבי קוקוס 49 גרם,גרמים,49.00,100 גרם,false,,2.90,0.0592,true,1,1419686
5900353620007,false,בונבוניירה שרי טראפז,MIEZSKO,PL,בונ' שרי טראפז מיסזק,גרמים,182.00,100 גרם,false,,17.90,0.0984,true,1,1437704
5900353645895,false,בונ' לב פח אמורטה 18,SORINI-Holding Dolci,IT,בונ' לב פח אמורטה 18,גרמים,189.00,100 גרם,false,,46.90,0.2481,true,1,1422282
5900353646755,false,שקית סליווקה שזיפים בשוקולד מריר 255 ג,,PL,שקית סליווקה שזיפים,גרמים,255.00,100 גרם,false,,19.90,0.0780,true,1,1441362
5900353648438,false,בונבוניירה אספרסו 15,,,בונבוניירה אספרסו 15,גרמים,153.00,100 גרם,false,,18.90,0.1235,true,1,1441891
5900396017345,false,לויד פרימידה תה שחור קלאסי,,,תה שחור פירמידה לויד,יחידה,20.00,יחידה,false,,6.90,0.3450,true,1,1406079
5900915027558,false,שוקולד חלב טראויטה ע,,,טבלת שוקולד חלב עם ד,גרמים,235.00,100 גרם,false,,10.90,0.0464,true,1,1438438
5900915027572,false,שוקולד חלב טראויטה ע,,,טבלת שוקולד חלב עם ק,גרמים,235.00,100 גרם,false,,10.90,0.0464,true,1,1438439
5900915027831,false,שוקולד קריסמס עם עדש,,,טב' שוקולד קריסמס עם,גרמים,105.00,100 גרם,false,,5.50,0.0524,true,1,1437705
5900951020889,false,אוכל לחתולים ויסקס צ,ויסקס Whiskas,PL,מזון לח לחתולים עוף,גרמים,400.00,100 גרם,false,,11.90,0.0298,true,1,1410254
5901177153597,false,סרגל שרי פאשן 98 גר VOBRO,,,סרגל שרי פאשן 98 גרם,גרמים,98.00,100 גרם,false,,12.90,0.1316,true,1,1441289
5901177155607,false,בונבוניירה שרי,,,בונ' שרי 126 ג' VOBR,גרמים,126.00,100 גרם,false,,14.90,0.1183,true,1,1441367
5901177155874,false,בונ' סוסון ים VOBRO,,,בונ' סוסון ים VOBRO,גרמים,190.00,100 גרם,false,,20.90,0.1100,true,1,1434254
5901177155959,false,בונבוניירה שרי טראפז 210 גר VOBRO,VOBRO,PL,בונ' שרי טראפז 210 ג,גרמים,210.00,100 גרם,false,,21.90,0.1043,true,1,1441368
5901177156765,false,בונבוניירה דליסימו ש,,,בונבוניירה דליסימו ש,גרמים,91.00,100 גרם,false,,11.90,0.1308,true,1,1439318
5901414200411,false,בלזן היט מיני ביסקוויט סנדוויץ' עם מילוי קרם בטעם שוקולד 130 גרם,ליימן שליסל,PL,עוגיות היט מיני קרם,גרמים,130.00,100 גרם,false,,6.90,0.0531,true,1,1412313
5902198160403,false,XL משקה אנרגיה מוגז ללא סוכר עד 10 קלוריות לפחית 250 מל,"טמפו משקאות בע""מ",IL,"אקסל 250 TEN מ""ל",מיליליטרים,250.00,"100 מ""ל",false,,4.80,0.0192,true,1,1410626
5902581689344,false,ברון שוקולד מריר 70% עם קפה 100 גרם,,PL,שוקולד דק מריר קפה 7,גרמים,100.00,100 גרם,false,,8.90,0.0890,true,1,1441560
5904941750312,false,"משקה אנרגיה BLU מוחיטו בודד 250 מ""ל",אקו - ביט,PL,משקה אנרגיה בלו מוחי,מיליליטרים,250.00,"100 מ""ל",false,,4.20,0.0168,true,1,1409156
5904941751302,false,"משקה אנרגיה בלו 250 מ""ל- בודד",אקו - ביט,PL,משקה אנרגיה בלו 250,מיליליטרים,250.00,"100 מ""ל",false,,4.20,0.0168,true,1,1409157
5904941751524,false,"משקה אנרגיה BLU DAY אבטיח בודד 250 מ""ל",אקו - ביט,PL,משקה אנרגיה בלו אבטי,מיליליטרים,250.00,"100 מ""ל",false,,4.20,0.0168,true,1,1409159
5904941751920,false,בלו משקה אנרגיה דיי חצי מכמות הקלו250 מל,אקו - ביט,PL,משקה אנרגיה בלו דיי,מיליליטרים,250.00,"100 מ""ל",false,,4.20,0.0168,true,1,1409163
5904941751975,false,"בלו משקה אנרגיה דיי ענבים 250 מ""ל",אקוביט,PL,משקה אנרגיה בלו ענבי,מיליליטרים,250.00,"100 מ""ל",false,,4.20,0.0168,true,1,1435302
5906485301012,false,"משקה אנרגיה XL פחית 250 מ""ל","טמפו משקאות בע""מ",IL,משקה אנרגיה אקסל 250,מיליליטרים,250.00,"100 מ""ל",false,,4.80,0.0192,true,1,1410627
5941021005139,false,טבלת שוקולד חלב שקד היידי גראנדור 100 ג',,,גראנד'ור שוקולד חלב,גרמים,100.00,100 גרם,false,,12.90,0.1290,true,1,1441271
5996496000721,false,בונבוניירה שרי קווין רושן 192 גר,,,בונבוניירה 192 גרם C,גרמים,192.00,100 גרם,false,,24.90,0.1297,true,1,1437995
5998710131877,false,בונבונטי חטיף דובדבן בשוקולד 36 גרם,,HU,ממתק שוקולד 36 גרם C,גרמים,36.00,100 גרם,false,,4.50,0.1250,true,1,1420100
6111094000198,false,קוסקוס דארי דק 350 גרם,קרמה מן,MA,קוסקוס דק דארי 350 ג,גרמים,350.00,100 גרם,false,,6.90,0.0197,true,1,1407769
6111094000228,false,"קוסקוס דארי דק תומר 1 ק""ג",קריות זול,MA,קוסקוס דק דארי 1 קיל,גרמים,1000.00,100 גרם,false,,17.90,0.0179,true,1,1407770
6111094002123,false,דארי אטריות דקות תוספת 10% 550 גרם,דארי,MA,אטריות דקות דארי 550,גרמים,550.00,100 גרם,false,,9.90,0.0180,true,1,1441680
6253507370600,false,כוסות נייר שתיה חמה,כוסות שתייה חמה 3 ב,,כוסות נייר שתיה חמה,יחידה,50.00,יחידה,false,,11.90,0.2380,true,1,1434375
6902176502491,false,סלק בוואקום קלוף מבו,,,סלק מבושל בוואקום,גרמים,500.00,100 גרם,false,,5.90,0.0118,true,1,1441816
6902176502507,false,סלק אדום בוואקום 500,,,סלק מבושל בוואקום,גרמים,500.00,100 גרם,false,,5.90,0.0118,true,1,1441817
6910191800287,false,אצות נורי בלו 10 דף (ננגטונג),ננטונג היידה אקווטוק,CN,אצות נורי בלו 10 דף,יחידה,10.00,יחידה,false,,11.90,1.1900,true,1,1412115
6912977000140,false,אטריות שעועית 250 גר' ( Yantai)ללא גלוטן(כ),יאנטאי ינסידה לנוגקא,CN,אטריות שעועית 250 גר,גרמים,250.00,100 גרם,false,,8.90,0.0356,true,1,1412116
6921667896215,false,מיני המבורגר בנים 80,,,מיני המבורגר בנים 80,גרמים,80.00,100 גרם,false,,11.90,0.1488,true,1,1441468
6926832407074,false,חטיף אורז יפני 100 גרם,קסימן די ברייט,CN,חטיף אורז יפני 100 ג,גרמים,100.00,100 גרם,false,,7.90,0.0790,true,1,1441874
6930548976243,false,שום ארוז יבוא,אראל תוצרת חקלאית בע,IL,שום ארוז יבוא,מארז,1.00,מארז,false,,7.90,7.9000,true,1,1429402
6936613888667,false,שום ארוז יבוא,אראל תוצרת חקלאית בע,IL,שום ארוז יבוא,יחידה,1.00,יחידה,false,,7.90,7.9000,true,1,1439953
6941156100166,false,מחית סויה אדומה - אקא מיסו 500 גר '(דליאן),מזרח ומערב,CN,מחית סויה אדומה-אקא,גרמים,500.00,100 גרם,false,,10.90,0.0218,true,1,1421151
6970011910237,false,מצת איכותי חדש,,,מצת איכותי חדש,יחידה,1.00,יחידה,false,,9.90,9.9000,true,1,1437179
7290000000035,false,תוספת שתיה בקירור,,,תוספת שתיה בקירור,יחידה,0.00,יחידה,false,,1.00,0.0000,true,1,1437096
7290000000039,false,שתיה קרה 1.5 ליטר,,,תווי קניה,יחידה,0.00,יחידה,false,,1.00,0.0000,true,1,1438462
7290000000153,false,זוג עוגיות אלפחורס,ביכורי השקמה,,זוג עוגיות אלפחורס,יחידה,1.00,יחידה,false,,7.00,7.0000,true,1,1415951
7290000000300,false,תפוח אדמה אדום ארוז,ביכורי השקמה,,קפוצ'ינו הפוך,יחידה,0.00,יחידה,false,,6.00,0.0000,true,1,1415952
7290000000301,false,אספרסו קצר,,,אספרסו קצר,יחידה,0.00,יחידה,false,,6.00,0.0000,true,1,1415953
7290000000303,false,אספרסו כפול,,,אספרסו כפול,יחידה,0.00,יחידה,false,,8.00,0.0000,true,1,1415955
7290000000312,false,תה ירוק נענע,,,תה ירוק נענע,יחידה,0.00,יחידה,false,,5.00,0.0000,true,1,1415964
7290000000318,false,שוקו קר/חם קטן,מאפיית דוידוביץ ובני,,שוקו קר/חם קטן,יחידה,0.00,יחידה,false,,8.00,0.0000,true,1,1415968
7290000000351,false,אייס קפה קטן,,,אייס קפה קטן,יחידה,1.00,יחידה,false,,10.00,10.0000,true,1,1415984
7290000000359,false,אייס וניל עוגיות גדו,,,אייס וניל עוגיות גדו,יחידה,0.00,יחידה,false,,14.00,0.0000,true,1,1415989
7290000000374,false,"פטריות שמפיניון בד""ץ (רביבים)",חוות השמפיניון,IL,פטריות שמפיניון א.א.,יחידה,1.00,יחידה,false,,9.90,9.9000,true,1,1414502
7290000000411,false,שום יבש יבוא רמי לוי,אראל תוצרת חקלאית בע,IL,שום ארוז יבוא,מארז,1.00,מארז,false,,7.90,7.9000,true,1,1410803
7290000000472,false,קפוצ'ינו פלוס,"ולדמן ביח""ר לנקניק ו",,קפוצ'ינו פלוס,יחידה,0.00,יחידה,false,,9.00,0.0000,true,1,1415996
7290000000567,false,נקניק קרקובסקיה,מעדני מניה תעשיות בש,,שוקו קר/חם גדול,יחידה,0.00,יחידה,false,,11.00,0.0000,true,1,1416011
7290000000585,false,אייס קפה גדול,מעדני מניה תעשיות בש,,אייס קפה גדול,יחידה,0.00,יחידה,false,,12.00,0.0000,true,1,1416029
7290000000586,false,אייס וניל גדול,,,אייס וניל גדול,יחידה,0.00,יחידה,false,,12.00,0.0000,true,1,1416030
7290000000667,false,פילה הרינג מעדניה,,,פילה הרינג מעדניה,קילוגרמים,1.00,"ק""ג",true,,49.90,49.9000,true,1,1441456
7290000000695,false,אספרגוס רמי לוי,משתנה,IL,אספרגוס יחידה,יחידה,1.00,יחידה,false,,29.90,29.9000,true,1,1417568
7290000000835,false,"משקל 35 ש""ח לק""ג",,,"משקל 35 ש""ח לק""ג",קילוגרמים,1.00,"ק""ג",true,,35.00,35.0000,true,1,1420866
7290000000839,false,"משקל 39 ש""ח לק""ג",,,"משקל 39 ש""ח לק""ג",קילוגרמים,1.00,"ק""ג",true,,39.00,39.0000,true,1,1420867
7290000000850,false,קרקובסקיה דימוב,מעדני בשר השוקת,,"משקל 50 ש""ח לק""ג",קילוגרמים,1.00,"ק""ג",true,,50.00,50.0000,true,1,1420869
7290000000869,false,"משקל 69 ש""ח לק""ג",,,"משקל 69 ש""ח לק""ג",קילוגרמים,1.00,"ק""ג",true,,69.00,69.0000,true,1,1420871
7290000000875,false,"משקל 75 ש""ח לק""ג ללא",מעדני בשר השוקת,,"משקל 75 ש""ח לק""ג ללא",קילוגרמים,1.00,"ק""ג",true,,75.00,75.0000,true,1,1420872
7290000000915,false,כוס מיץ תפוזים קטן,,,כוס מיץ תפוזים קטן,יחידה,0.00,יחידה,false,,12.00,0.0000,true,1,1433060
7290000000916,false,כוס מיץ תפוזים גדול,,,כוס מיץ תפוזים גדול,יחידה,0.00,יחידה,false,,14.00,0.0000,true,1,1433061
7290000000960,false,"פקדון רביעיה 1.2 ש""ח",,,"פקדון רביעיה 1.2 ש""ח",יחידה,0.00,יחידה,false,,1.20,0.0000,true,1,1432575
7290000000961,false,"פקדון שישיה 1.8 ש""ח",,,"פקדון שישיה 1.8 ש""ח",יחידה,0.00,יחידה,false,,1.80,0.0000,true,1,1432576
7290000000998,false,פקדון,,,פקדון,יחידה,0.00,יחידה,false,,0.30,0.0000,true,1,1432292
7290000001035,false,מחלקת מתנות,מעדני מניה תעשיות בש,,מחלקת מתנות,יחידה,0.00,יחידה,false,,6.00,0.0000,true,1,1420860
7290000001104,false,פטריות חורש מיני ארוז 200 ג',"מרינה פטריות הגליל בע""מ",IL,פטריות פורטבלה ארוז,יחידה,1.00,יחידה,false,,10.90,10.9000,true,1,1427646
7290000001548,false,קורקבן עוף בגל,מעדני מניה תעשיות בש,,תות שדה 250 גרם,יחידה,1.00,יחידה,false,,19.90,19.9000,true,1,1433224
7290000002004,false,דניש קומבי וויט פטה,Ceko,,סוכריות על מקל,יחידה,0.00,יחידה,false,,1.50,0.0000,true,1,1411987
7290000002400,false,פטינה על בסיס שומן צ,ארלה,,שוקולד יחידה,יחידה,0.00,יחידה,false,,2.00,0.0000,true,1,1441188
7290000006828,false,מים סאן בנדטו 5,,,גבינת CHEESE LONG,קילוגרמים,1.00,"ק""ג",true,,99.00,99.0000,true,1,1422481
7290000009001,false,בננה,5 יחידות,,בננה,קילוגרמים,1.00,"ק""ג",true,,8.70,8.7000,true,1,1406289
7290000009002,false,לחם בטעמים אגדת לחם,5 יחידות,,עגבניה,קילוגרמים,1.00,"ק""ג",true,,7.70,7.7000,true,1,1406290
7290000009003,false,מלפפון ירוק,6 יחידות,,מלפפון ירוק,קילוגרמים,1.00,"ק""ג",true,,7.70,7.7000,true,1,1406291
7290000009004,false,לימון,,,לימון,קילוגרמים,1.00,"ק""ג",true,,7.70,7.7000,true,1,1406292
7290000009005,false,אבוקדו,,,אבוקדו,קילוגרמים,1.00,"ק""ג",true,,10.70,10.7000,true,1,1406293
7290000009007,false,תפוח עץ ירוק סמיט,4 יחידות,,תפוח עץ ירוק סמיט,קילוגרמים,1.00,"ק""ג",true,,10.90,10.9000,true,1,1406295
7290000009008,false,תפוח עץ אדום חרמון,4 יחידות,,תפוח עץ אדום חרמון,קילוגרמים,1.00,"ק""ג",true,,9.90,9.9000,true,1,1406296
7290000009010,false,פלפל אדום,5 יחידות,,פלפל אדום,קילוגרמים,1.00,"ק""ג",true,,10.70,10.7000,true,1,1406297
7290000009011,false,קלמנטינה,,,קלמנטינה,קילוגרמים,1.00,"ק""ג",true,,5.90,5.9000,true,1,1406298
7290000009012,false,אפרסמון,,,אפרסמון,קילוגרמים,1.00,"ק""ג",true,,12.90,12.9000,true,1,1406299
7290000009013,false,קופון ממרח אגוזי לוז,3 יחידות,,תפוזים,קילוגרמים,1.00,"ק""ג",true,,5.90,5.9000,true,1,1406300
7290000009014,false,תפוח פינק ליידי,,,תפוח פינק ליידי,קילוגרמים,1.00,"ק""ג",true,,15.90,15.9000,true,1,1406301
7290000009015,false,בצל יבש לבן,4 יחידות,,בצל יבש לבן,קילוגרמים,1.00,"ק""ג",true,,4.70,4.7000,true,1,1406302
7290000009016,false,בטטה,,,בטטה,קילוגרמים,1.00,"ק""ג",true,,7.70,7.7000,true,1,1406303
7290000009017,false,אגס ירוק,5 יחידות,,אגס ירוק,קילוגרמים,1.00,"ק""ג",true,,12.90,12.9000,true,1,1406304
7290000009018,false,תפוח עץ מוזהב,4 יחידות,,תפוח עץ מוזהב,קילוגרמים,1.00,"ק""ג",true,,9.90,9.9000,true,1,1406305
7290000009019,false,פלפל צהוב,5 יחידות,,פלפל צהוב,קילוגרמים,1.00,"ק""ג",true,,10.70,10.7000,true,1,1406306
7290000009021,false,בצל אדום,4 יחידות,,בצל אדום,קילוגרמים,1.00,"ק""ג",true,,6.70,6.7000,true,1,1406308
7290000009022,false,רימון,,,רימון,קילוגרמים,1.00,"ק""ג",true,,8.70,8.7000,true,1,1406309
7290000009023,false,אננס,,,אננס,יחידה,1.00,יחידה,false,,29.90,29.9000,true,1,1406310
7290000009024,false,חציל,3 יחידות,,חציל,קילוגרמים,1.00,"ק""ג",true,,7.90,7.9000,true,1,1406311
7290000009025,false,פיתה ל.גלוטן 70יח,1 יחידה,,כרוב לבן שלם,קילוגרמים,1.00,"ק""ג",true,,5.70,5.7000,true,1,1406312
7290000009026,false,אשכולית אדומה,,,אשכולית אדומה,קילוגרמים,1.00,"ק""ג",true,,6.70,6.7000,true,1,1406313
7290000009027,false,קיווי,,,קיווי,קילוגרמים,1.00,"ק""ג",true,,12.90,12.9000,true,1,1406314
7290000009030,false,פומלה,,,פומלה,קילוגרמים,1.00,"ק""ג",true,,8.90,8.9000,true,1,1406317
7290000009031,false,פלפל ירוק,5 יחידות,,פלפל ירוק,קילוגרמים,1.00,"ק""ג",true,,9.70,9.7000,true,1,1406318
7290000009033,false,כרוב אדום שלם,,,כרוב אדום שלם,קילוגרמים,1.00,"ק""ג",true,,5.70,5.7000,true,1,1406320
7290000009034,false,קולורבי,,,קולורבי,קילוגרמים,1.00,"ק""ג",true,,8.90,8.9000,true,1,1406321
7290000009036,false,דלורית,,,דלורית,קילוגרמים,1.00,"ק""ג",true,,6.90,6.9000,true,1,1406323
7290000009039,false,פומלית,,,פומלית,קילוגרמים,1.00,"ק""ג",true,,6.70,6.7000,true,1,1406326
7290000009040,false,שומר,,,שומר,קילוגרמים,1.00,"ק""ג",true,,8.90,8.9000,true,1,1406327
7290000009042,false,ארטישוק,,,ארטישוק,קילוגרמים,1.00,"ק""ג",true,,7.90,7.9000,true,1,1406329
7290000009046,false,מברשת חשמלית נטענת ב,5 יחידות,,קישוא,קילוגרמים,1.00,"ק""ג",true,,8.90,8.9000,true,1,1406332
7290000009051,false,מטליות לחות לרצפה 3ב,3 יחידות,,"תפו""א לבן תפזורת",קילוגרמים,1.00,"ק""ג",true,,4.90,4.9000,true,1,1406335
7290000009052,false,"תפו""א אדום תפזורת",3 יחידות,,"תפו""א אדום תפזורת",קילוגרמים,1.00,"ק""ג",true,,5.90,5.9000,true,1,1406336
7290000009053,false,"תפו""ע לוליפופ",,,"תפו""ע לוליפופ",קילוגרמים,1.00,"ק""ג",true,,15.90,15.9000,true,1,1406337
7290000009054,false,פלפל חריף,,,פלפל חריף,קילוגרמים,1.00,"ק""ג",true,,10.90,10.9000,true,1,1406338
7290000009056,false,גבינה מגורדת במש,תנובה חלב,,סלק אדום תפזורת,קילוגרמים,1.00,"ק""ג",true,,4.90,4.9000,true,1,1406340
7290000009061,false,גזר ארוז,,,גזר ארוז,קילוגרמים,1.00,"ק""ג",true,,4.90,4.9000,true,1,1406344
7290000009063,false,כרובית,,,כרובית,יחידה,1.00,יחידה,false,,9.90,9.9000,true,1,1406345
7290000009066,false,צנון,,,צנון,קילוגרמים,1.00,"ק""ג",true,,6.90,6.9000,true,1,1406348
7290000009067,false,לפת,,,לפת,קילוגרמים,1.00,"ק""ג",true,,6.90,6.9000,true,1,1406349
7290000009075,false,תירס מתוק,,,תירס מתוק,קילוגרמים,1.00,"ק""ג",true,,8.70,8.7000,true,1,1406356
7290000009078,false,פפאיה,,,פפאיה,קילוגרמים,1.00,"ק""ג",true,,17.90,17.9000,true,1,1406358
7290000009096,false,ענבים שחורים,,,ענבים שחורים,קילוגרמים,1.00,"ק""ג",true,,19.90,19.9000,true,1,1406372
7290000009097,false,אגס נאשי,,,אגס נאשי,קילוגרמים,1.00,"ק""ג",true,,14.90,14.9000,true,1,1406373
7290000009110,false,אנונה,,,אנונה,קילוגרמים,1.00,"ק""ג",true,,19.90,19.9000,true,1,1406386
7290000009112,false,סוכריית פז,Unknown,,תפוז ברשת,קילוגרמים,1.00,"ק""ג",true,,4.90,4.9000,true,1,1406388
7290000009116,false,פלפל כתום,5 יחידות,,פלפל כתום,קילוגרמים,1.00,"ק""ג",true,,10.70,10.7000,true,1,1406392
7290000009124,false,שום ארוז יבוא,,,שום ארוז יבוא,יחידה,1.00,יחידה,false,,7.90,7.9000,true,1,1427903
7290000009144,false,תות שדה 250 גרם,,,תות שדה 250 גרם,יחידה,1.00,יחידה,false,,19.90,19.9000,true,1,1433188
7290000017002,false,גבינה צפתית מעדניה ג,,,גבינה צפתית מעדניה ג,קילוגרמים,1.00,"ק""ג",true,,34.90,34.9000,true,1,1434841
7290000017026,false,גבינה צפתית קשה מעדנ,,,גבינה צפתית קשה מעדנ,קילוגרמים,1.00,"ק""ג",true,,57.90,57.9000,true,1,1434842
7290000017033,false,גבינה גרוזינית מעדני,,,גבינה גרוזינית מעדני,קילוגרמים,1.00,"ק""ג",true,,57.90,57.9000,true,1,1434843
7290000017361,false,בייבי מוצרלה מובחר,,,בייבי מוצרלה מובחר,קילוגרמים,1.00,"ק""ג",true,,59.90,59.9000,true,1,1434854
7290000017453,false,גבינת טברוג 5% געש,,,גבינת טברוג 5% געש,קילוגרמים,1.00,"ק""ג",true,,26.90,26.9000,true,1,1439259
7290000017484,false,צפתית רכה מלבנית,,,צפתית רכה מלבנית,קילוגרמים,1.00,"ק""ג",true,,34.90,34.9000,true,1,1439264
7290000017552,false,כדורי מוצרלה ענק,,,כדורי מוצרלה ענק,קילוגרמים,1.00,"ק""ג",true,,57.90,57.9000,true,1,1439237
7290000023816,false,"יין ברקן קלאסיק אמרלד ריזלינג 750מ""ל",יקבי ברקן שיווק והפצ,IL,יין לבן חצי יבש קלאס,מיליליטרים,750.00,"100 מ""ל",false,,32.90,0.0439,true,1,1410632
7290000024523,false,"תירוש של סגל ,מיץ ענבים , 1 ליטר",כרמי צבי - האחים סגל,IL,מיץ ענבים טבעי תירוש,מיליליטרים,1000.00,"100 מ""ל",false,,15.90,0.0159,true,1,1410643
7290000025278,false,דנאבלו נטו כשר,,,דנאבלו נטו כשר,קילוגרמים,1.00,"ק""ג",true,,59.90,59.9000,true,1,1408890
7290000030056,false,מסטיק/סוכריה זום בוד,,,מסטיק/סוכריה זום בוד,יחידה,1.00,יחידה,false,,2.00,2.0000,true,1,1418532
7290000030554,false,קוביית בלונדיז עטופה,,,קוביית בלונדיז עטופה,יחידה,1.00,יחידה,false,,12.00,12.0000,true,1,1432925
7290000040042,false,יופלה יוגורט תות %3 גביע 150 גרם,תנובה חלב,IL,יופלה יוגורט תות %3,גרמים,150.00,100 גרם,false,,5.00,0.0333,true,1,1411370
7290000040066,false,יופלה יוגורט דובדבן %3 גביע 150 גרם,תנובה מרכז שיתופי לש,IL,יופלה יוגורט דובדבן,מיליליטרים,150.00,"100 מ""ל",false,,5.00,0.0333,true,1,1411252
7290000040080,false,יופלה יוגורט אפרסק %3 גביע 150 גרם,תנובה חלב,IL,יופלה יוגורט אפרסק %,מיליליטרים,150.00,"100 מ""ל",false,,5.00,0.0333,true,1,1411371
7290000040301,false,תנובה עין גדי קממבר מחלב בקר 24% שומן,תנובה מרכז שיתופי לש,IL,גבינת קממבר בקר 24%,גרמים,125.00,100 גרם,false,,17.80,0.1424,true,1,1411372
7290000040318,false,גבינת ברי 24% קולאז עדי תנובה 125 ג',תנובה מרכז שיתופי לש,IL,גבינת עדי ברי 24% תנ,גרמים,125.00,100 גרם,false,,18.90,0.1512,true,1,1411373
7290000040462,false,טוסטי גבינה בסגנון אמריקאי אדם 23% תנובה 200 גרם,תנובה מרכז שיתופי לש,IL,טוסטי טעם אדם 22% 20,גרמים,200.00,100 גרם,false,,17.90,0.0895,true,1,1411374
7290000040974,false,חלב תנובה דל לקטוז 2% שומן 1 ליטר,תנובה מרכז שיתופי לש,IL,חלב בקרטון דל לקטוז,מיליליטרים,1000.00,"100 מ""ל",false,,6.90,0.0069,true,1,1411254
7290000040974,false,חלב תנובה דל לקטוז 2% שומן 1 ליטר,תנובה מרכז שיתופי לש,IL,חלב בקרטון דל לקטוז,מיליליטרים,1000.00,"100 מ""ל",false,,6.90,0.0069,true,1,1411375
7290000041445,false,קוטג תנובה גביע 250 גרם 5% בדצ,מיוצר עי קונדיטוריית,IL,גבינת קוטג' 5% תנובה,גרמים,250.00,100 גרם,false,,5.70,0.0228,true,1,1411255
7290000041445,false,קוטג תנובה גביע 250 גרם 5% בדצ,מיוצר עי קונדיטוריית,IL,גבינת קוטג' 5% תנובה,גרמים,250.00,100 גרם,false,,5.70,0.0228,true,1,1411376
7290000041858,false,"שמנת חמוצה 15% יטבתה 200 מ""ל מהדרין",שטראוס גרופ,IL,שמנת חמוצה מועשרת 15,מיליליטרים,200.00,"100 מ""ל",false,,2.40,0.0120,true,1,1405572
7290000042015,false,חלב טרי 3% תנובה שקית 1ל' מהדרין,תנובה מרכז שיתופי לש,IL,שקית חלב 3% העדה החר,מיליליטרים,1000.00,"100 מ""ל",false,,5.17,0.0052,true,1,1411378
7290000042435,false,תנובה חלב טרי 1% שומן - מוצר בפיקוח,תנובה מרכז שיתופי לש,IL,חלב בקרטון תנובה 1%,מיליליטרים,1000.00,"100 מ""ל",false,,5.86,0.0059,true,1,1411382
7290000042442,false,"חלב תנובה טרי 3% ""תנובה"" - מוצר בפיקוח",תנובה חלב,IL,חלב תנובה קרטון 3% 1,מיליליטרים,1000.00,"100 מ""ל",false,,6.23,0.0062,true,1,1411258
7290000042442,false,"חלב תנובה טרי 3% ""תנובה"" - מוצר בפיקוח",תנובה חלב,IL,חלב תנובה קרטון 3% 1,מיליליטרים,1000.00,"100 מ""ל",false,,6.23,0.0062,true,1,1411383
7290000042640,false,"חלב תנובה עמיד 3% קרטון 250 מ""ל",תנובה מרכז שיתופי לש,IL,"חלב עמיד 250 מ""ל 3%",מיליליטרים,250.00,"100 מ""ל",false,,2.60,0.0104,true,1,1411385
7290000042855,false,"שוקו בשקית 250 מ""ל ""יטבתה""",שטראוס גרופ,IL,שוקו בשקית יטבתה 225,מיליליטרים,225.00,"100 מ""ל",false,,2.50,0.0111,true,1,1405577
7290000043012,false,"שוקו עמיד 2% בקרטון 250 מ""ל תנובה",תנובה מרכז שיתופי לש,IL,שוק.שוקו עמיד 2% בקר,מיליליטרים,250.00,"100 מ""ל",false,,4.60,0.0184,true,1,1411387
7290000043814,false,השף הלבן שמנת להקצפה 38% שומן 250 מל - מוצר בפיקוח,תנובה מרכז שיתופי לש,IL,השף הלבן שמנת עמידה,מיליליטרים,250.00,"100 מ""ל",false,,6.47,0.0259,true,1,1411390
7290000043890,false,תנובה רויון לבן מחלב מפסוטר 1.5%,תנובה מרכז שיתופי לש,IL,רויון 1.5% תנובה 1 ל,מיליליטרים,1000.00,"100 מ""ל",false,,11.30,0.0113,true,1,1411391
7290000044712,false,יוגורט עם תות 1.5% שומן 500 ג' פרילי,מיוצר עי קונדיטוריית,IL,"פרילי תות 500 מ""ל 1.",מיליליטרים,500.00,"100 מ""ל",false,,10.30,0.0206,true,1,1411262
7290000044880,false,באדי יוגורט תות 3% שומן 500 ג' תנובה,מיוצר עי קונדיטוריית,IL,"באדי תות 500 מ""ל 3%",מיליליטרים,500.00,"100 מ""ל",false,,8.90,0.0178,true,1,1411263
7290000046020,false,גלבוע גבינה שמנה במש,תנובה מרכז שיתופי לש,IL,גלבוע 22% במשקל,קילוגרמים,1.00,"ק""ג",true,,42.50,42.5000,true,1,1411265
7290000046327,false,גלבוע גבינה צהובה פרוסה 22% תנובה 200 גרם,תנובה מרכז שיתופי לש,IL,גבינה צהובה פרוסה 22,גרמים,200.00,100 גרם,false,,12.90,0.0645,true,1,1411266
7290000046327,false,גלבוע גבינה צהובה פרוסה 22% תנובה 200 גרם,תנובה מרכז שיתופי לש,IL,גבינה צהובה פרוסה 22,גרמים,200.00,100 גרם,false,,12.90,0.0645,true,1,1411399
7290000046501,false,גבינה טל העמק בלוק ק,קריות זול,,_גבינת טל העמק 32%,קילוגרמים,1.00,"ק""ג",true,,58.00,58.0000,true,1,1411267
7290000047546,false,השף הלבן כנען גבינה לבנה דלת נתרן 5% תנובה 500 גרם,תנובה מרכז שיתופי לש,IL,גבינת כנען 5% תנובה,גרמים,500.00,100 גרם,false,,23.90,0.0478,true,1,1411400
7290000047942,false,**תנובה גבינה לבנה מהדרין 9% 250ג,תנובה מרכז שיתופי לש,IL,גבינה לבנה 9% 250 גר,גרמים,250.00,100 גרם,false,,4.98,0.0199,true,1,1411273
7290000048185,false,גבינה לבנה 5% 250 גרם - מוצר בפיקוח,מיוצר עי קונדיטוריית,IL,גבינה לבנה 5% תנובה,גרמים,250.00,100 גרם,false,,4.98,0.0199,true,1,1411402
7290000048192,false,גבינה לבנה 9% שומן 250 ג' תנובה,מחלבת אלון תבור,IL,גבינה לבנה 9% תנובה,גרמים,250.00,100 גרם,false,,4.98,0.0199,true,1,1411403
7290000048307,false,גבינת קוטג' עם זיתים 5% תנובה 250 גרם,מיוצר עי קונדיטוריית,IL,גבינת קוטג' עם זיתים,גרמים,250.00,100 גרם,false,,5.70,0.0228,true,1,1411275
7290000048437,false,גבינה צפתית 5% 200 ג' פיראוס,פארייפאבה אגרואינדוס,IL,גבינה צפתית 5% פיראו,גרמים,200.00,100 גרם,false,,14.90,0.0745,true,1,1411405
7290000049458,false,גבינת פטה עיזים 16% גביע פיראוס 250 ג',תנובה מרכז שיתופי לש,IL,פטה עיזים פיראוס 16%,גרמים,250.00,100 גרם,false,,28.50,0.1140,true,1,1422727
7290000050454,false,"יוגורט אפרסק 3% YYY יופלה 500 מ""ל",מיוצר עי קונדיטוריית,IL,יופלה YYY אפרסק 3%,יחידה,0.00,יחידה,false,,12.70,0.0000,true,1,1411282
7290000051307,false,"מארז הפסקת אוכל עם דגני עוגי ומשקה חלב עמיד בטעם וניל 150 מ""ל",תנובה מרכז שיתופי לש,IL,מארז הפסקת בטעם וניל,יחידה,1.00,יחידה,false,,9.90,9.9000,true,1,1411407
7290000051376,false,יופלה דיאט אננס ספורטיבי 0% 150גר,תנובה מרכז שיתופי לש,IL,יופלה דיאט אננס גביע,מיליליטרים,150.00,"100 מ""ל",false,,5.00,0.0333,true,1,1411409
7290000051710,false,פיראוס גבינת לאבנה אסלית על בסיס יוגורט תנובה 263 גרם,"תנובה, מחלבת אלון תב",IL,פיראוס לאבנה5% עם שמ,גרמים,263.00,100 גרם,false,,13.90,0.0529,true,1,1411410
7290000052311,false,עמק פרוס בקופסא 200 גר 15% שומן,תנובה מרכז שיתופי לש,IL,גבינה צהובה פרוסה 15,גרמים,200.00,100 גרם,false,,15.90,0.0795,true,1,1411289
7290000052311,false,עמק פרוס בקופסא 200 גר 15% שומן,תנובה מרכז שיתופי לש,IL,גבינה צהובה פרוסה 15,גרמים,200.00,100 גרם,false,,15.90,0.0795,true,1,1411412
7290000052649,false,גבינת לאבנה 5% שומן 500 ג' פיראוס,תנובה מרכז שיתופי לש,IL,פיראוס לאבנה 5% גביע,מיליליטרים,500.00,"100 מ""ל",false,,18.90,0.0378,true,1,1411290
7290000052717,false,גבינת קוטג' שום שמיר 5% תנובה 250 גרם,מיוצר עי קונדיטוריית,IL,גבינת קוטג' 5% עם שו,גרמים,250.00,100 גרם,false,,5.70,0.0228,true,1,1411413
7290000055015,false,פיראוס גבינת פטה כבשים 5% תנובה 250 גרם,תנובה מרכז שיתופי לש,IL,פיראוס פטה כבשים 5%,גרמים,250.00,100 גרם,false,,26.50,0.1060,true,1,1422654
7290000055329,false,"משקה בוקר יוגורט 1.5% בטעם תות מלון יופלה 250 מ""ל",תנובה מרכז שיתופי לש,IL,יופלה משקה יוגורט תו,גרמים,250.00,100 גרם,false,,5.40,0.0216,true,1,1411293
7290000055336,false,משקה יוגורט יופלה בטעם בננה אפרסק 250 גר,תנובה מרכז שיתופי לש,IL,יופלה משקה יוגורט בנ,גרמים,250.00,100 גרם,false,,5.40,0.0216,true,1,1411294
7290000055343,false,משקה יוגורט יופלה פירות טרופיים 250 גרם,תנובה מרכז שיתופי לש,IL,יופלה משקה יוגורט טר,גרמים,250.00,100 גרם,false,,5.40,0.0216,true,1,1411295
7290000055350,false,גבינה צהובה חריץ עמק 28% במשקל,תנובה מרכז שיתופי לש,IL,גבינת עמק 28% במשקל,קילוגרמים,1.00,"ק""ג",true,,44.79,44.7900,true,1,1411296
7290000056845,false,תנובה חלב טרי 3% שומן 1.5 ליטר - מוצר בפיקוח,פארייפאבה אגרואינדוס,IL,חלב טרי 3% בקרטון תנ,מיליליטרים,1500.00,"100 מ""ל",false,,9.34,0.0062,true,1,1411417
7290000056890,false,דיאט יופלה שמינייה טעמים שונים,מיוצר עי קונדיטוריית,IL,יוגורט דיאט ביו 0% ב,גרמים,1200.00,100 גרם,false,,28.90,0.0241,true,1,1411419
7290000056906,false,מאגדת לבן טבעי 1.5% שומן 8 יח' * 150 ג' יופלה,מחלבת אלון תבור,IL,יוגורט לבן 1.5% יופל,מיליליטרים,1200.00,"100 מ""ל",false,,17.30,0.0144,true,1,1429141
7290000056951,false,"תנובה, השף הלבן, שמנת לבישול 15% שומן 500 מל",תנובה מרכז שיתופי לש,IL,שמנת לבישול 15% 500,מיליליטרים,500.00,"100 מ""ל",false,,15.90,0.0318,true,1,1411420
7290000057088,false,עמק גבינה צהובה פרוסה דק דק 28% תנובה 200 גרם,תנובה מרכז שיתופי לש,IL,עמק פרוס דק דק 28% 2,גרמים,200.00,100 גרם,false,,15.90,0.0795,true,1,1411422
7290000057118,false,עמק סמי מעדנייה כשרות מהדרין,תנובה מרכז שיתופי לש,IL,גבינת עמק קלאסית פרו,גרמים,400.00,100 גרם,false,,20.90,0.0522,true,1,1411423
7290000057132,false,יוגורט תנובה טבעי 1.5% גביע 200 גרם,מחלבת אלון תבור,IL,יוגורט ביו תנובה טבע,גרמים,200.00,100 גרם,false,,3.20,0.0160,true,1,1411424
7290000057149,false,יוגורט תנובה טבעי 3% גביע 200 גרם,מיוצר עי קונדיטוריית,IL,יוגורט טבעי ביו 3% ת,גרמים,200.00,100 גרם,false,,3.20,0.0160,true,1,1411425
7290000057552,false,יופלה דיאט עוגת גבינה ותות 0% גביע 150ג',תנובה חלב,IL,יופלה דיאט עוגת גבינ,מיליליטרים,150.00,"100 מ""ל",false,,5.00,0.0333,true,1,1411427
7290000058047,false,**שף לבן שמנת מתוקה מהדרין 38% פקק 500מ,תנובה מרכז שיתופי לש,IL,שמנת להקצפה 38% שומן,מיליליטרים,500.00,"100 מ""ל",false,,12.94,0.0259,true,1,1411429
7290000060088,false,בייגלה מקלות מלוחים אסם 400 גרם,מיוצר עי קונדיטוריית,IL,בייגלה אסם מקלות מלו,גרמים,375.00,100 גרם,false,,9.90,0.0264,true,1,1406836
7290000060156,false,פסטה אסם אטריות ביצים דקות 200גר,"אסם תעשיות בע""מ",IL,אטריות ביצים דקיקות,גרמים,200.00,100 גרם,false,,6.90,0.0345,true,1,1406837
7290000060163,false,פסטה אסם אטריות דקות 400גר,"אסם תעשיות בע""מ",IL,אטריות דקות אסם 400,גרמים,401.00,100 גרם,false,,6.90,0.0172,true,1,1406838
7290000060200,false,פסטה אסם פתיתים אפויים קוסקוס 500גר,"אסם תעשיות בע""מ",IL,פתיתים אפויים קוסקוס,גרמים,500.00,100 גרם,false,,6.90,0.0138,true,1,1406839
7290000060217,false,פסטה מקרוני מספר 7 אסם 500 גרם,קריות זול,IT,פסטה מקרוני מספר 7 א,גרמים,500.00,100 גרם,false,,5.90,0.0118,true,1,1406840
7290000060248,false,פסטה אסם פתיתים תלתלים 500 גר',קריות זול,IT,פסטה תלתלים פרומנטי,גרמים,500.00,100 גרם,false,,5.90,0.0118,true,1,1406841
7290000060408,false,פסטה אסם פתיתים אפויים טבעות 500 גר,"אסם תעשיות בע""מ",IL,פתיתים אפויים טבעות,גרמים,500.00,100 גרם,false,,6.90,0.0138,true,1,1406845
7290000060415,false,"פסטה פרפקטו לאזניה 500 ג' ""אסם""",אסם פרפקטו,IT,לאזניה פרפקטו אסם 50,גרמים,500.00,100 גרם,false,,13.90,0.0278,true,1,1406846
7290000060576,false,פתיתים אפויים כוכבים אסם 500 גרם,"אסם תעשיות בע""מ",IL,פתיתים אפויים כוכבים,גרמים,500.00,100 גרם,false,,6.90,0.0138,true,1,1406849
7290000060781,false,פסטה אסם פתיתים מסולסלים 500גר,קריות זול,IT,פסטה פוסילי אסם 500,גרמים,500.00,100 גרם,false,,5.90,0.0118,true,1,1406850
7290000060828,false,פסטה קרניים בינוניות אסם 500 גרם,קריות זול,IT,פסטה פרומנטי קרניים,גרמים,500.00,100 גרם,false,,5.90,0.0118,true,1,1406851
7290000060859,false,פסטה אסם פתיתים צדפים קטנים 500גר,קריות זול,IT,"פסטה צדפים קטנים בד""",גרמים,500.00,100 גרם,false,,5.90,0.0118,true,1,1406853
7290000060880,false,פסטה מס' 8 ספגטי אסם 500ג',קריות זול,IT,פסטה ספגטי מספר 8 אס,גרמים,500.00,100 גרם,false,,5.90,0.0118,true,1,1406854
7290000060903,false,פסטה אסם פתיתים אפויים אורז 500גר,"אסם תעשיות בע""מ",IL,פתיתים אפויים אורז א,גרמים,500.00,100 גרם,false,,6.90,0.0138,true,1,1406855
7290000060958,false,פסטה אסם אטריות בינוניות 400 גרם,"אסם תעשיות בע""מ",IL,אטריות בינוניות אסם,גרמים,402.00,100 גרם,false,,6.90,0.0172,true,1,1406857
7290000060965,false,פסטה אסם אטריות רחבות 400גר,"אסם תעשיות בע""מ",IL,אטריות רחבות אסם 400,גרמים,403.00,100 גרם,false,,6.90,0.0171,true,1,1406858
7290000061061,false,קרקר חיטה עם בצל אסם,"אסם תעשיות בע""מ",IL,קרקר חיטה עם בצל אסם,גרמים,250.00,100 גרם,false,,10.90,0.0436,true,1,1406860
7290000061085,false,"רוטב צילי מתוק 290 מ""ל-בקבוק","אסם תעשיות בע""מ",IL,רוטב צ'ילי מתוק אסם,מיליליטרים,290.00,"100 מ""ל",false,,10.90,0.0376,true,1,1406861
7290000061108,false,"רוטב טריאקי 290 מ""ל-בקבוק","אסם תעשיות בע""מ",IL,רוטב טריאקי אסם 360,מיליליטרים,294.00,"100 מ""ל",false,,10.90,0.0371,true,1,1406862
7290000061214,false,פתיתים אפויים קוסקוס עם בצל אסם 500 גרם,"אסם תעשיות בע""מ",IL,פתיתים אפויים קוסקוס,גרמים,500.00,100 גרם,false,,6.90,0.0138,true,1,1406863
7290000061245,false,עוגיות שוקוצ'יפס עם קרם שוקולד אסם 220 גרם,מיוצר עי קונדיטוריית,IL,עוגיות שוקוצ'יפס עם,גרמים,220.00,100 גרם,false,,10.90,0.0495,true,1,1406864
7290000061764,false,קפה נמס מגורען רד מאג 200 גרם,נסטלה ספרד קפה,ES,קפה נמס מגורען רד מא,גרמים,200.00,100 גרם,false,,21.90,0.1095,true,1,1406866
7290000063102,false,אסם קמח עוגה תופח מאליו 350 גרם,"אסם תעשיות בע""מ",IL,אסם קמח עוגה תופח מא,גרמים,350.00,100 גרם,false,,4.90,0.0140,true,1,1406873
7290000063133,false,אסם שקדי מרק רכיבים טבעיים 24*100גרם,"אסם השקעות בע""מ",IL,אסם שקדי מרק רכיבים,גרמים,100.00,100 גרם,false,,5.90,0.0590,true,1,1406874
7290000063157,false,אסם קמח עוגה תופח מאליו 1 קג,"אסם תעשיות בע""מ",IL,קמח תופח מאליו אסם 1,גרמים,1000.00,100 גרם,false,,8.90,0.0089,true,1,1406876
7290000064758,false,קוסקוס בינוני אמיתי אסם 350 ג',"מיוצר ע""י קוד יצרן K",IL,אסם קוסקוס אמיתי 350,גרמים,350.00,100 גרם,false,,7.90,0.0226,true,1,1406879
7290000064871,false,"אוסם - מנה חמה פירה תפו""א עם בצל 56 גרם","אסם תעשיות בע""מ",IL,"מנה חמה פירה תפו""א ו",גרמים,56.00,100 גרם,false,,5.90,0.1054,true,1,1406880
7290000065090,false,מיני קרוטונים מתובלים למרק ולסלט אסם 400 גרם,עינת תעשיות מזון אגו,IL,אסם מיני קרוטונים למ,גרמים,400.00,100 גרם,false,,21.90,0.0547,true,1,1406881
7290000065335,false,אוסם - מנה חמה פירה עם ירקות 55 גרם,"אסם תעשיות בע""מ",IL,מנה חמה פירה וירקות,גרמים,55.00,100 גרם,false,,5.90,0.1073,true,1,1406882
7290000065540,false,אוסם - מנה חמה פסטה מוקרמת בטעם עוף 55 גרם,"אסם תעשיות בע""מ",IL,מנה חמה פסטה מוקרמת,גרמים,55.00,100 גרם,false,,5.90,0.1073,true,1,1406883
7290000065557,false,אוסם - מנה חמה קוסקוס עם ירקות 84 גרם,"אסם תעשיות מזון בע""מ",IL,מנה חמה קוסקוס וירקו,גרמים,84.00,100 גרם,false,,5.90,0.0702,true,1,1406884
7290000066189,false,ביסלי חטיף בטעם פלאפל אסם 200 גרם,"אסם תעשיות בע""מ",IL,ביסלי פלאפל 200 גרם,גרמים,200.00,100 גרם,false,,7.90,0.0395,true,1,1406895
7290000066196,false,ביסלי חטיף בטעם גריל אסם 200 גרם,מיוצר עי קונדיטוריית,IL,ביסלי גריל 200 גרם,גרמים,200.00,100 גרם,false,,7.90,0.0395,true,1,1406896
7290000066226,false,ביסלי חטיף בטעם פיצה אסם 200 גרם,מיוצר עי קונדיטוריית,IL,ביסלי פיצה 200 גרם,גרמים,200.00,100 גרם,false,,7.90,0.0395,true,1,1406899
7290000066295,false,במבה מתוקה מחומרים טבעיים 30 גרם,מיוצר עי קונדיטוריית,IL,במבה מתוקה בטעם תות,גרמים,30.00,100 גרם,false,,2.90,0.0967,true,1,1406901
7290000066332,false,אפרופו חטיף תירס אסם 50 גרם,מיוצר עי קונדיטוריית,IL,אפרופו 50 גרם,גרמים,50.00,100 גרם,false,,4.90,0.0980,true,1,1406903
7290000066349,false,אפרופו חטיף תירס אסם 100 גרם,מיוצר עי קונדיטוריית,IL,אפרופו 100 גרם,גרמים,100.00,100 גרם,false,,8.90,0.0890,true,1,1406904
7290000066431,false,פופקו חטיף פופקורן בטעם חמאה ודבש אסם 80 גרם,מיוצר עי קונדיטוריית,IL,פופקו חמאה ודבש 80 ג,גרמים,80.00,100 גרם,false,,5.40,0.0675,true,1,1406905
7290000067544,false,פירורית זהב פירורי לחם אסם 200 גרם,עינת תעשיות מזון אגו,IL,אסם פירורית פירורי ל,גרמים,200.00,100 גרם,false,,6.40,0.0320,true,1,1406912
7290000067599,false,מנה חמה ספגטי ברוטב בולונז אסם 65 גרם,"אסם תעשיות בע""מ",IL,מנה חמה ספגטי בולונז,גרמים,65.00,100 גרם,false,,5.90,0.0908,true,1,1406915
7290000068138,false,אינסטנט פודינג בטעם וניל אסם 80 גרם,מיוצר עי קונדיטוריית,IL,פודינג אינסטנט בטעם,גרמים,80.00,100 גרם,false,,5.50,0.0688,true,1,1406919
7290000069609,false,אסם חטיפי קרקר זעתר 300 גרם,"אסם תעשיות בע""מ",IL,חטיפי קרקר זעתר אסם,גרמים,300.00,100 גרם,false,,11.90,0.0397,true,1,1406934
7290000070308,false,אבקת מרק עוף אמיתי בשרי אסם 400 גרם,"אסם תעשיות בע""מ",IL,אסם מרק עוף אמיתי 40,גרמים,400.00,100 גרם,false,,18.70,0.0467,true,1,1406939
7290000071008,false,אוסם - בייגלה שטוחים מלח 60 גרם,"אסם תעשיות בע""מ",IL,בייגלה כעכים שטוחים,גרמים,60.00,100 גרם,false,,3.10,0.0517,true,1,1406944
7290000072200,false,פסטרמה בסגנון מקסיקנ,,,פסטרמה בסגנון מקסיקנ,קילוגרמים,1.00,"ק""ג",true,,85.00,85.0000,true,1,1427860
7290000072241,false,"רוטב פיצה 290 מ""ל-בקבוק","אסם תעשיות בע""מ",IL,רוטב לפיצה 320 גרם,מיליליטרים,290.00,"100 מ""ל",false,,10.90,0.0376,true,1,1406948
7290000072623,false,קטשופ אסם בקבוק לחיץ 750 גרם,"אסם תעשיות בע""מ",IL,קטשופ אסם בקבוק לחיץ,גרמים,750.00,100 גרם,false,,10.90,0.0145,true,1,1406951
7290000072753,false,קפה נמס מגורען טסטרס צ'ויס 200 גרם-,נסטלה קוריאה - קפה,IL,קפה נמס מיובש בהקפאה,גרמים,200.00,100 גרם,false,,29.90,0.1495,true,1,1406953
7290000072777,false,קפה נמס מגורען נטול קפאין טסטרס צ'ויס 200 גרם,נסטלה קוריאה - קפה,IL,טייסטר צ'וייס נטול ק,גרמים,200.00,100 גרם,false,,38.90,0.1945,true,1,1406954
7290000072968,false,דגנים סיני מיניס מלחמת הכוכבים 500 גרם,נסטלה פולין דגני בוק,PL,סיני מיניס 500 גרם,גרמים,500.00,100 גרם,false,,23.90,0.0478,true,1,1406957
7290000073125,false,מנה חמה פסטה ברוטב עגבניות אסם 62 גרם,"אסם תעשיות בע""מ",IL,מנה חמה פסטה עם עגב.,גרמים,62.00,100 גרם,false,,5.90,0.0952,true,1,1406958
7290000073415,false,אוסם - מנה חמה פסטה ברוטב פיצה 61 גרם,"אסם תעשיות בע""מ",IL,מנה חמה פסטה ברוטב פ,גרמים,61.00,100 גרם,false,,5.90,0.0967,true,1,1406959
7290000073699,false,סלט חומוס סלטי צבר 1,סלטי צבר,IL,סלט חומוס סלטי צבר 1,גרמים,150.00,100 גרם,false,,5.50,0.0367,true,1,1406960
7290000073750,false,מנה חמה נודלס אטר+ירקות טעם עוף 70 גרם,טאי רזידנט,TH,מנה חמה נודלס אטר.+י,גרמים,70.00,100 גרם,false,,5.90,0.0843,true,1,1406961
7290000073767,false,מנה חמה נודלס אטר.+ירקות טעם בקר 70 גרם,טאי רזידנט,TH,מנה חמה נודלס אטר.+י,גרמים,70.00,100 גרם,false,,5.90,0.0843,true,1,1406962
7290000073774,false,מנה חמה נודלס אטר+ירקות טעם צילי 70 גרם,טאי רזידנט,TH,מנה חמה ירקות בטעם פ,גרמים,70.00,100 גרם,false,,5.90,0.0843,true,1,1406963
7290000074153,false,ביסקוויט פתי בר שוקולד אסם 500 גרם,מיוצר עי קונדיטוריית,IL,פתי בר שוקו אסם 500,גרמים,500.00,100 גרם,false,,12.90,0.0258,true,1,1406966
7290000074184,false,ביסקוויט פתי בר אסם 500 גרם,"אסם תעשיות בע""מ",IL,פתי בר קלאסי אסם 500,גרמים,500.00,100 גרם,false,,10.90,0.0218,true,1,1406967
7290000074245,false,אוסם - קרם קרקר אסם 250 גרם,"אסם תעשיות בע""מ",IL,אסם קרם קרקר 250 גרם,גרמים,250.00,100 גרם,false,,9.90,0.0396,true,1,1406968
7290000074276,false,קרקר פיקנטי טבעון 250 ג' אסם,"אסם תעשיות בע""מ",IL,קרקר פיקנטי אסם 250,גרמים,250.00,100 גרם,false,,9.90,0.0396,true,1,1406970
7290000074764,false,קרקר זהב אסם 900 גרם,אסם תעשיות,IL,אסם קרקר זהב 900 גרם,גרמים,900.00,100 גרם,false,,22.90,0.0254,true,1,1406978
7290000075143,false,עוגיות שוקוציפס קלאס,מיוצר עי קונדיטוריית,IL,עוגיות שוקוצ'יפס קלא,גרמים,200.00,100 גרם,false,,10.90,0.0545,true,1,1406980
7290000075204,false,אוסם - לחמית חיטה מלאה 250 גרם,"אסם תעשיות בע""מ",IL,לחמית קרקר מקמח חיטה,גרמים,250.00,100 גרם,false,,9.50,0.0380,true,1,1406981
7290000076126,false,אוסם - בייגלה שמיניות קטנות 80 גרם,"אסם תעשיות בע""מ",IL,אסם בייגלה שמיניות ק,גרמים,80.00,100 גרם,false,,3.10,0.0388,true,1,1406983
7290000076133,false,בייגלה שמיניות עם מלח אסם 400 גרם,"אסם תעשיות בע""מ",IL,בייגלה אסם שמיניה קט,גרמים,400.00,100 גרם,false,,9.90,0.0248,true,1,1406984
7290000076645,false,טוסטעים פת קלויה חיטה מלאה אסם 100 גרם,ון דר מולן האלום,NL,אסם טוסטעים חיטה מלא,גרמים,100.00,100 גרם,false,,10.90,0.1090,true,1,1406985
7290000077017,false,עוגיות קרמוגית במילוי קרם שוקולד אסם 200 גרם,מיוצר עי קונדיטוריית,IL,אסם קרמוגית במילוי ש,גרמים,200.00,100 גרם,false,,10.90,0.0545,true,1,1406986
7290000078762,false,אוסם - חטיפי פריכונים מאורז מלא בטעם דבש 80גר,סנורייס בלגיום אן. ו,BE,חטיפי פריכונים אורז,גרמים,80.00,100 גרם,false,,8.20,0.1025,true,1,1406990
7290000080758,false,אוסם - טוסטעים פת קלוי 100 גרם,ון דר מולן האלום,NL,אסם טוסטעים 100 גרם,גרמים,100.00,100 גרם,false,,10.90,0.1090,true,1,1406993
7290000080765,false,טוסטעים פת קלויה עם שומשום אסם 100 גרם,ון דר מולן האלום,NL,אסם טוסטעים עם שומשו,גרמים,100.00,100 גרם,false,,10.90,0.1090,true,1,1406994
7290000081663,false,בייגלה טבעות שומשום אסם 300 גרם,מיוצר עי קונדיטוריית,IL,אסם בייגלה טבעות שומ,גרמים,300.00,100 גרם,false,,9.90,0.0330,true,1,1406996
7290000085180,false,גטניו פתי בר וניל 470 גרם,"אחים גטניו בע""מ",IL,גטניו פתי בר 470 גרם,גרמים,470.00,100 גרם,false,,10.90,0.0232,true,1,1413152
7290000090016,false,בננה,5 יחידות,,בננה,קילוגרמים,1.00,"ק""ג",true,,8.70,8.7000,true,1,1435607
7290000090023,false,עגבניה,5 יחידות,,עגבניה,קילוגרמים,1.00,"ק""ג",true,,7.70,7.7000,true,1,1435601
7290000090030,false,מלפפון ירוק,6 יחידות,,מלפפון ירוק,קילוגרמים,1.00,"ק""ג",true,,7.70,7.7000,true,1,1435619
7290000090047,false,לימון,,,לימון,קילוגרמים,1.00,"ק""ג",true,,7.70,7.7000,true,1,1435608
7290000090054,false,ממרח חמאה דנית,,,אבוקדו,קילוגרמים,1.00,"ק""ג",true,,10.70,10.7000,true,1,1435620
7290000090078,false,תפוח עץ ירוק סמיט,4 יחידות,,תפוח עץ ירוק סמיט,קילוגרמים,1.00,"ק""ג",true,,10.90,10.9000,true,1,1435621
7290000090085,false,תפוח עץ אדום חרמון,4 יחידות,,תפוח עץ אדום חרמון,קילוגרמים,1.00,"ק""ג",true,,9.90,9.9000,true,1,1435622
7290000090108,false,פלפל אדום,5 יחידות,,פלפל אדום,קילוגרמים,1.00,"ק""ג",true,,10.70,10.7000,true,1,1435609
7290000090115,false,קלמנטינה,,,קלמנטינה,קילוגרמים,1.00,"ק""ג",true,,5.90,5.9000,true,1,1435623
7290000090122,false,אפרסמון,,,אפרסמון,קילוגרמים,1.00,"ק""ג",true,,12.90,12.9000,true,1,1437498
7290000090139,false,תפוזים,3 יחידות,,תפוזים,קילוגרמים,1.00,"ק""ג",true,,5.90,5.9000,true,1,1435624
7290000090146,false,תפוח פינק ליידי,,,תפוח פינק ליידי,קילוגרמים,1.00,"ק""ג",true,,15.90,15.9000,true,1,1435625
7290000090153,false,בצל יבש לבן,4 יחידות,,בצל יבש לבן,קילוגרמים,1.00,"ק""ג",true,,4.70,4.7000,true,1,1435610
7290000090160,false,בטטה,,,בטטה,קילוגרמים,1.00,"ק""ג",true,,7.70,7.7000,true,1,1435626
7290000090177,false,אגס ירוק,5 יחידות,,אגס ירוק,קילוגרמים,1.00,"ק""ג",true,,12.90,12.9000,true,1,1435627
7290000090184,false,תפוח עץ מוזהב,4 יחידות,,תפוח עץ מוזהב,קילוגרמים,1.00,"ק""ג",true,,9.90,9.9000,true,1,1435628
7290000090191,false,פלפל צהוב,5 יחידות,,פלפל צהוב,קילוגרמים,1.00,"ק""ג",true,,10.70,10.7000,true,1,1435629
7290000090214,false,בצל אדום,4 יחידות,,בצל אדום,קילוגרמים,1.00,"ק""ג",true,,6.70,6.7000,true,1,1435631
7290000090221,false,רימון,,,רימון,קילוגרמים,1.00,"ק""ג",true,,8.70,8.7000,true,1,1435632
7290000090238,false,אננס,,,אננס,יח',1.00,יח',false,,29.90,29.9000,true,1,1435633
7290000090245,false,חציל,3 יחידות,,חציל,קילוגרמים,1.00,"ק""ג",true,,7.90,7.9000,true,1,1435611
7290000090252,false,כרוב לבן שלם,1 יחידה,,כרוב לבן שלם,קילוגרמים,1.00,"ק""ג",true,,5.70,5.7000,true,1,1435612
7290000090269,false,אשכולית אדומה,,,אשכולית אדומה,קילוגרמים,1.00,"ק""ג",true,,6.70,6.7000,true,1,1435634
7290000090276,false,קיווי,,,קיווי,קילוגרמים,1.00,"ק""ג",true,,12.90,12.9000,true,1,1435635
7290000090306,false,פומלה,,,פומלה,קילוגרמים,1.00,"ק""ג",true,,8.90,8.9000,true,1,1435636
7290000090313,false,פלפל ירוק,5 יחידות,,פלפל ירוק,קילוגרמים,1.00,"ק""ג",true,,9.70,9.7000,true,1,1435637
7290000090337,false,כרוב אדום שלם,,,כרוב אדום שלם,קילוגרמים,1.00,"ק""ג",true,,5.70,5.7000,true,1,1435638
7290000090344,false,קולורבי,,,קולורבי,קילוגרמים,1.00,"ק""ג",true,,8.90,8.9000,true,1,1435639
7290000090368,false,דלורית,,,דלורית,קילוגרמים,1.00,"ק""ג",true,,6.90,6.9000,true,1,1435641
7290000090399,false,פומלית,,,פומלית,קילוגרמים,1.00,"ק""ג",true,,6.70,6.7000,true,1,1435643
7290000090405,false,שומר,,,שומר,קילוגרמים,1.00,"ק""ג",true,,8.90,8.9000,true,1,1435644
7290000090429,false,ארטישוק,,,ארטישוק,קילוגרמים,1.00,"ק""ג",true,,7.90,7.9000,true,1,1435645
7290000090467,false,קישוא,5 יחידות,,קישוא,קילוגרמים,1.00,"ק""ג",true,,8.90,8.9000,true,1,1435614
7290000090481,false,"תפו""ע לוליפופ",,,"תפו""ע לוליפופ",קילוגרמים,1.00,"ק""ג",true,,15.90,15.9000,true,1,1438194
7290000090511,false,"תפו""א לבן תפזורת",3 יחידות,,"תפו""א לבן תפזורת",קילוגרמים,1.00,"ק""ג",true,,4.90,4.9000,true,1,1435648
7290000090528,false,"תפו""א אדום תפזורת",3 יחידות,,"תפו""א אדום תפזורת",קילוגרמים,1.00,"ק""ג",true,,5.90,5.9000,true,1,1435649
7290000090535,false,"תפו""ע לוליפופ",,,"תפו""ע לוליפופ",קילוגרמים,1.00,"ק""ג",true,,15.90,15.9000,true,1,1435650
7290000090542,false,פלפל חריף,,,פלפל חריף,קילוגרמים,1.00,"ק""ג",true,,10.90,10.9000,true,1,1435651
7290000090566,false,סלק אדום תפזורת,5 יחידות,,סלק אדום תפזורת,קילוגרמים,1.00,"ק""ג",true,,4.90,4.9000,true,1,1435615
7290000090610,false,גזר ארוז,,,גזר ארוז,קילוגרמים,1.00,"ק""ג",true,,4.90,4.9000,true,1,1435616
7290000090634,false,כרובית,,,כרובית,יח',1.00,יח',false,,9.90,9.9000,true,1,1435655
7290000090665,false,צנון,,,צנון,קילוגרמים,1.00,"ק""ג",true,,6.90,6.9000,true,1,1435657
7290000090672,false,לפת,,,לפת,קילוגרמים,1.00,"ק""ג",true,,6.90,6.9000,true,1,1435658
7290000090757,false,תירס מתוק,,,תירס מתוק,קילוגרמים,1.00,"ק""ג",true,,8.70,8.7000,true,1,1435617
7290000090788,false,פפאיה,,,פפאיה,קילוגרמים,1.00,"ק""ג",true,,17.90,17.9000,true,1,1435667
7290000090962,false,לימון פרסי טחון במשק,,,ענבים שחורים,קילוגרמים,1.00,"ק""ג",true,,19.90,19.9000,true,1,1436690
7290000090979,false,אגס נאשי,,,אגס נאשי,קילוגרמים,1.00,"ק""ג",true,,14.90,14.9000,true,1,1435673
7290000091105,false,אנונה,,,אנונה,קילוגרמים,1.00,"ק""ג",true,,19.90,19.9000,true,1,1435680
7290000091129,false,תפוז ברשת,,,תפוז ברשת,קילוגרמים,1.00,"ק""ג",true,,4.90,4.9000,true,1,1435681
7290000091167,false,פלפל כתום,5 יחידות,,פלפל כתום,קילוגרמים,1.00,"ק""ג",true,,10.70,10.7000,true,1,1435684
7290000091242,false,שום ארוז יבוא,,,שום ארוז יבוא,מארז,1.00,מארז,false,,7.90,7.9000,true,1,1435686
7290000091440,false,תות שדה 250 גרם,,,תות שדה 250 גרם,יחידה,1.00,יחידה,false,,19.90,19.9000,true,1,1435695
7290000100128,false,פירות קפואים תות סנפרוסט 300 ג',"סנפרוסט בע""מ",IL,תות שדה 100% פרי סנפ,גרמים,300.00,100 גרם,false,,17.90,0.0597,true,1,1435030
7290000100135,false,פירות קפואים סנפרוסט דובדבן 300 גר,"סנפרוסט בע""מ",IL,דובדבן מתוק 100% פרי,גרמים,300.00,100 גרם,false,,17.90,0.0597,true,1,1435031
7290000100792,false,שקית גופיה שוויצריה,,,שקית גופיה שוויצריה,יחידה,1.00,יחידה,false,,0.10,0.1000,true,1,1429528
7290000101132,false,לקט קטניות לחמין סנפרוסט 800 גר,"סנפרוסט בע""מ",IL,לקט קטניות לחמין סנפ,גרמים,800.00,100 גרם,false,,22.90,0.0286,true,1,1411727
7290000101927,false,אוכמניות כחולות מוקפאות סנפרוסט 300 גרם,"איי, בי, אינבוו",IL,אוכמניות כחולות מוקפ,גרמים,300.00,100 גרם,false,,17.90,0.0597,true,1,1435033
7290000101934,false,מיקס פירות יער מוקפאות 300 ג' סנפרוסט,"איי, בי, אינבוו",IL,תערובת פירות יער 100,גרמים,300.00,100 גרם,false,,14.90,0.0497,true,1,1430014
7290000103471,false,"מיני ברוקלי 600 גר' ""סנפרוסט""","סנפרוסט בע""מ",IL,מיני ברוקולי 600 גרם,גרמים,600.00,100 גרם,false,,17.90,0.0298,true,1,1427853
7290000103839,false,מרק כתום עשיר בירקות סנפרוסט 570 גרם,"סנפרוסט בע""מ",IL,מרק כתום סנפרוסט 572,גרמים,572.00,100 גרם,false,,17.90,0.0313,true,1,1411733
7290000103877,false,מרק שעועית עשיר בירקות סנפרוסט 640 גרם,"סנפרוסט בע""מ",IL,מרק שעועית סנפרוסט 6,גרמים,640.00,100 גרם,false,,17.90,0.0280,true,1,1433258
7290000104201,false,אפונה עדינה סנפרוסט 600 גרם,"איי, בי, אינבוו",IL,אפונה עדינה סנפרוסט,גרמים,600.00,100 גרם,false,,17.90,0.0298,true,1,1411736
7290000104676,false,אפונה קפואה סנפרוסט 800 גרם,"איי, בי, אינבוו",IL,אפונת גינה סנפרוסט 8,גרמים,800.00,100 גרם,false,,17.90,0.0224,true,1,1411737
7290000104713,false,פול ירוק סנפרוסט 800 גרם,"איי, בי, אינבוו",IL,תרד סנפרוסט 800 גרם,גרמים,800.00,100 גרם,false,,23.90,0.0299,true,1,1411740
7290000104720,false,שעועית ירוקה חתוכה סנפרוסט 800 גרם,"סנפרוסט בע""מ",IL,שעועית ירוקה חתוכה ס,גרמים,800.00,100 גרם,false,,18.70,0.0234,true,1,1411741
7290000104751,false,"כרוב ניצנים 800 גרם ""סנפרוסט""","איי, בי, אינבוו",IL,כרוב ניצנים סנפרוסט,גרמים,800.00,100 גרם,false,,24.90,0.0311,true,1,1427854
7290000104805,false,גרגירי חומוס מבושלים סנפרוסט 800 גרם,"איי, בי, אינבוו",IL,גרגרי חומוס מבושל סנ,גרמים,800.00,100 גרם,false,,19.90,0.0249,true,1,1411702
7290000104805,false,גרגירי חומוס מבושלים סנפרוסט 800 גרם,"איי, בי, אינבוו",IL,גרגרי חומוס מבושל סנ,גרמים,800.00,100 גרם,false,,19.90,0.0249,true,1,1411747
7290000104829,false,"קלחוני תירס סנפרוסט 1 ק""ג","איי, בי, אינבוו",IL,קלחוני תירס סנפרוסט,גרמים,1000.00,100 גרם,false,,19.90,0.0199,true,1,1427855
7290000104836,false,שעועית עדינה שלמה 600 גר סנפרוסט,"סנפרוסט בע""מ",IL,שעועית עדינה שלמה סנ,גרמים,600.00,100 גרם,false,,21.90,0.0365,true,1,1411748
7290000107295,false,תפרחות ברוקולי סנפרוסט 800 גרם,"איי, בי, אינבוו",IL,תפרחות ברוקולי סנפרו,גרמים,800.00,100 גרם,false,,24.90,0.0311,true,1,1411753
7290000111117,false,בדין מרכך כביסה לבן 4 ליטר,יוניליור ישראל טיפוח,IL,בדין מרכך כביסה לבן,ליטרים,4.00,ליטר,false,,19.90,4.9750,true,1,1409592
7290000111360,false,חרדל תלמה 250 גרם-צנצנת,יוניליוור ישראל מזו,IL,חרדל תלמה 250 גרם,גרמים,250.00,100 גרם,false,,6.90,0.0276,true,1,1409595
7290000112220,false,טחינה גולמית שומשום טהור בארכה 500 גרם,רושדי תעשיות מזון בע,IL,טחינה גולמית 100% בא,גרמים,500.00,100 גרם,false,,13.90,0.0278,true,1,1406997
7290000112497,false,מרק עשיר עוף אטריות קנור 75 גרם - שקיות,יוניליוור ישראל מזון,IL,מרק עשיר עוף עם איטר,גרמים,68.00,100 גרם,false,,11.90,0.1750,true,1,1409597
7290000118277,false,כופתאות מצה להכנת מהירה 65 ג' קנור,יוניליוור ישראל מזון,IL,קניידלך כופתאות מצה,גרמים,130.00,100 גרם,false,,10.90,0.0838,true,1,1409615
7290000121093,false,גבינה מותכת לייט בטעם שוויצרי 7% מון בלאן 120 גר',האי נאם סי או אל.טי.,IL,מון בלאן שויצרית 120,גרמים,120.00,100 גרם,false,,11.40,0.0950,true,1,1408973
7290000135045,false,"XL TEN משקה אנרגיה פתוח ללא סוכר 250 מ""ל","טמפו משקאות בע""מ",IL,פחית XL TEN תפוח 250,מיליליטרים,250.00,"100 מ""ל",false,,4.80,0.0192,true,1,1410647
7290000135052,false,"XL TEN משקה אנרגיה מנגו ללא סוכר 250 מ""ל","טמפו משקאות בע""מ",IL,משקה אנרגיה מוגז בטע,מיליליטרים,250.00,"100 מ""ל",false,,4.80,0.0192,true,1,1410648
7290000135113,false,"משקה אנרגיה XL פחית ten נענע ליים 250 מ""ל",טמפו 7.5%,IL,פחית XL TEN נענע-ליי,מיליליטרים,250.00,"100 מ""ל",false,,4.80,0.0192,true,1,1410649
7290000135311,false,פפסי מקס ליים 1.5 ליטר בודד,"טמפו משקאות בע""מ",IL,פפסי מקס בטעם ליים 1,מיליליטרים,1500.00,"100 מ""ל",false,,7.80,0.0052,true,1,1433488
7290000135324,false,פיראוס בולגרית מעודנ,,,בולגרית פיראוס 5% תנ,קילוגרמים,1.00,"ק""ג",true,,49.00,49.0000,true,1,1420991
7290000135595,false,פפסי מקס בטעם דובדבן 1.5 ליטר,"איי, בי, אינבוו",IL,פפסי מקס דובדבן 1.5,מיליליטרים,1500.00,"100 מ""ל",false,,7.80,0.0052,true,1,1435210
7290000136141,false,משקה בטעם קולה 1.5ל' פפסי,פפסי Pepsi,IL,פפסי משקה קולה מוגז,מיליליטרים,1500.00,"100 מ""ל",false,,7.80,0.0052,true,1,1438147
7290000136158,false,פפסי מקס משקה מוגז דל קלוריות בטעם קולה,פפסי Pepsi,IL,פפסי מקס 1.5 ליטר,מיליליטרים,1500.00,"100 מ""ל",false,,7.80,0.0052,true,1,1438148
7290000136165,false,טמפו מירינדה 1.5 ליטר,מירינדה Mirinda,IL,מירנדה 1.5 ליטר,מיליליטרים,1500.00,"100 מ""ל",false,,7.80,0.0052,true,1,1438149
7290000136172,false,סבן אפ בקבוק 1.5 ליט,סבן אפ 7up,IL,סבן אפ 1.5 ליטר,מיליליטרים,1500.00,"100 מ""ל",false,,7.80,0.0052,true,1,1438150
7290000136455,false,משקה בטעם אשכוליות תריסר 1.5 ל' ג'אמפ,טמפו 7.5%,IL,ג'אמפ אשכוליות 1.5 ל,מיליליטרים,1500.00,"100 מ""ל",false,,7.50,0.0050,true,1,1438155
7290000136523,false,משקה בטעם ענבים תריסר 1.5 ל' ג'אמפ,טמפו 7.5%,IL,ג'אמפ ענבים 1.5 ליטר,מיליליטרים,1500.00,"100 מ""ל",false,,7.50,0.0050,true,1,1438158
7290000136585,false,משקה בטעם תפוזים תריסר 1.5 ל' ג'אמפ,טמפו 7.5%,IL,ג'אמפ תפוזים 1.5 ליט,מיליליטרים,1500.00,"100 מ""ל",false,,7.50,0.0050,true,1,1438160
7290000136646,false,בירה נשר מאלט ללא אלכוהול 1.5 ליטר,טמפו 7.5%,IL,בירה שחורה נשר מאלט,מיליליטרים,1500.00,"100 מ""ל",false,,9.20,0.0061,true,1,1438393
7290000136653,false,דיאט נשר מאלט ללא אלכוהול 1.5 ליטר,טמפו 7.5%,IL,בירה נשר מאלט דיאט 1,מיליליטרים,1500.00,"100 מ""ל",false,,9.20,0.0061,true,1,1438162
7290000136677,false,פפסי קולה פיקדון 1.5 ליטר,טמפו,IL,פפסי משקה קולה מוגז,מיליליטרים,1500.00,"100 מ""ל",false,,7.80,0.0052,true,1,1438693
7290000136684,false,פפסי מקס משקה מוגז דל קלוריות בטעם קולה,טמפו,IL,פפסי מקס 1.5 ליטר,מיליליטרים,1500.00,"100 מ""ל",false,,7.80,0.0052,true,1,1438694
7290000136707,false,טמפו מירינדה 1.5 ליטר,טמפו,IL,מירנדה 1.5 ליטר,מיליליטרים,1500.00,"100 מ""ל",false,,7.80,0.0052,true,1,1438695
7290000136752,false,סבן אפ דיאט מארז שישייה 1.5 ל' FREE,"טמפו משקאות בע""מ",IL,שישיית דיאט סבן אפ 1,מיליליטרים,9000.00,"100 מ""ל",false,,40.50,0.0045,true,1,1438164
7290000136776,false,שישיית פפסי מקס דל קלוריות 1.5 ליטר,פפסי Pepsi,IL,שישיית פפסי מקס 1.5,מיליליטרים,9000.00,"100 מ""ל",false,,40.50,0.0045,true,1,1438166
7290000136844,false,מארז מים מזוככים אקווה נובה שישיית 2 ליטר,אקווה נובה Aqua Nova,IL,שישיית אקווה נובה 2,מיליליטרים,1200.00,"100 מ""ל",false,,13.70,0.0114,true,1,1438169
7290000136851,false,סבן אפ פיקדון 1.5 ליטר,טמפו,IL,סבן אפ 1.5 ליטר,מיליליטרים,1500.00,"100 מ""ל",false,,7.80,0.0052,true,1,1438696
7290000136868,false,סאן בנדטו - מים מינרלים - מארז שישיית 1.5 ליטר,סאן בנדטו San Benedetto,IL,מים מינרלים סאן בנדט,ליטרים,9.00,ליטר,false,,20.40,2.2667,true,1,1438599
7290000136875,false,מארז מים מינרלים מוגז 6* 1.5 ל' סאן בנדטו,סאן בנדטו San Benedetto,IL,מים סן בנדטו מוגז 1.,מיליליטרים,9000.00,"100 מ""ל",false,,21.40,0.0024,true,1,1438170
7290000137137,false,גבינת טוסטי בתפזורת,,,גבינת טוסטי בתפזורת,קילוגרמים,1.00,"ק""ג",true,,40.00,40.0000,true,1,1411310
7290000137513,false,גלידונית גלידה וניל בציפוי שוקולד 60 יח' קרמיסימו,"גלידת שטראוס בע""מ, ר",IL,קרמיסימו גלידונית ונ,יחידה,60.00,יחידה,false,,43.90,0.7317,true,1,1416776
7290000139227,false,דגן תירס תפוח מתוק 150 גרם,אשבל מזון פונקציונלי,IL,דגן תירס תפוח מתוק 1,גרמים,150.00,100 גרם,false,,8.90,0.0593,true,1,1418896
7290000144160,false,"שמן זית כתית מעולה ארומתי עץ הזית 750 מ""ל","מרקאולאו, ספרד.אבסה,",IL,שמן זית ארומטי עץ הז,מיליליטרים,750.00,"100 מ""ל",false,,33.90,0.0452,true,1,1413153
7290000144474,false,שמן עץ הזית קנולה 1 ליטר בריאות מהטבע,שמן תעשיות,EE,שמן קנולה בריאות עץ,מיליליטרים,1000.00,"100 מ""ל",false,,15.90,0.0159,true,1,1413155
7290000158105,false,שניצל עוף מיני דינוזאור ללא אנטיביוטיקה מ100% ר.טבעי,מוצרי עוף טוב (2001),IL,שניצל עוף מיני דינוז,גרמים,700.00,100 גרם,false,,34.90,0.0499,true,1,1407007
7290000168173,false,"ברנפלקס קרנצ'ים תלמה בד""ץ 375 גרם",יוניליור ישראל מזון,IL,ברנפלקס קרנצ'ים תלמה,גרמים,375.00,100 גרם,false,,20.90,0.0557,true,1,1409666
7290000169798,false,"עוגי מופחת סוכר 20% פצפוצי שוקו' 500ג' בד""צ",יוניליוור שפע ישראל,IL,עוגי תלמה 500 גרם,גרמים,500.00,100 גרם,false,,19.90,0.0398,true,1,1409672
7290000174723,false,שוקולית אבקה להכנת משקה שוקו 500 גרם,הנסיך- מפעל לייצור ט,IL,שוקולית קופסא עלית 5,גרמים,500.00,100 גרם,false,,11.90,0.0238,true,1,1416451
7290000176079,false,קפה עלית טורקי עם הל 100 גרם,הנסיך- מפעל לייצור ט,IL,קפה טורקי עם הל 100,גרמים,100.00,100 גרם,false,,8.90,0.0890,true,1,1416453
7290000176420,false,קפה נמס אבקתי 200ג עלית,שטראוס קפה בי.וי,IL,קפה נמס עלית 200 גרם,גרמים,200.00,100 גרם,false,,19.90,0.0995,true,1,1416455
7290000176468,false,קפה נמס נטול קפאין 50 ג' קפה האג,"איי, בי, אינבוו",IL,קפה נמס נטול האג עלי,גרמים,50.00,100 גרם,false,,10.90,0.2180,true,1,1416456
7290000178707,false,תפוצ'יפס בטעם טבעי 50 גרם,"שטראוס פריטו ליי בע""",IL,תפוציפס טבעי 50 גרם,גרמים,50.00,100 גרם,false,,4.00,0.0800,true,1,1406130
7290000178721,false,תפוצ'יפס בטעם טבעי 200 גרם,"שטראוס פריטו ליי בע""",IL,תפוציפס 200 גרם,גרמים,200.00,100 גרם,false,,10.90,0.0545,true,1,1406131
7290000185590,false,סילאן טבעי בבקבוק לחיץ 650 גרם,חצר כינרת מוצרי תמר,IL,סילאן טבעי בבקבוק לח,גרמים,635.00,100 גרם,false,,19.90,0.0313,true,1,1434363
7290000189598,false,מטליות לחות חד פעמיות לניקוי כללי 50 יח' ניקול,עלבד משואות יצחק בעמ,IL,מטליות לחות לניקוי כ,יחידה,50.00,יחידה,false,,11.90,0.2380,true,1,1408684
7290000202150,false,קרואסון שוקולד העדה,,,קרואסון שוקולד העדה,יחידה,1.00,יחידה,false,,10.00,10.0000,true,1,1439043
7290000202152,false,מאפה קינמון העדה החר,,,מאפה קינמון העדה החר,יחידה,1.00,יחידה,false,,10.00,10.0000,true,1,1439045
7290000202153,false,בורקס גבינה העדה החר,,,בורקס גבינה העדה החר,יחידה,1.00,יחידה,false,,8.00,8.0000,true,1,1439046
7290000202157,false,מאפה גבינה מתוקה העד,,,מאפה גבינה מתוקה העד,יחידה,1.00,יחידה,false,,8.00,8.0000,true,1,1439246
7290000207162,false,רוטב עגבניות מרכיב טבעי 100 ג' יכין,"זנלכל בע""מ",IL,רוטב עגבניות יכין 22,גרמים,100.00,100 גרם,false,,2.50,0.0250,true,1,1414587
7290000208213,false,שעועית לבנה אפויה A2 ברוטב עגבניות יכין 560ג',היינץ צפון אמריקה מק,IL,שעועית לבנה רוטב עגב,גרמים,355.00,100 גרם,false,,8.90,0.0251,true,1,1414557
7290000208312,false,גרעיני תירס מתוק בואקום יכין 400 גר',"זנלכל בע""מ",IL,גרעיני תירס מתוק יכי,גרמים,245.00,100 גרם,false,,6.90,0.0282,true,1,1427732
7290000208329,false,גרעיני תירס מתוק 550 גרם יכין,"זנלכל בע""מ",IL,גרעיני תירס מתוק יכי,גרמים,335.00,100 גרם,false,,8.50,0.0254,true,1,1409536
7290000208336,false,רסק יכין 240גר 22% יכין בית יוסף,"זנלכל בע""מ",IL,יכין רוטב עגבניות 26,גרמים,260.00,100 גרם,false,,4.50,0.0173,true,1,1427733
7290000208428,false,גרגרי חומוס שלם 550 גרם יכין,"זנלכל בע""מ",IL,חומוס שלם יכין 550 ג,גרמים,550.00,100 גרם,false,,8.90,0.0162,true,1,1414558
7290000208893,false,גרעיני תירס מתוק לייט 400 גרם יכין,היינץ צפון אמריקה מק,IL,גרעיני תירס לייט יכי,גרמים,246.00,100 גרם,false,,6.90,0.0280,true,1,1427734
7290000208947,false,עגבניות מרוסקות 260 גרם יכין,היינץ צפון אמריקה מק,IL,עגבניות מרוסקות יכין,גרמים,260.00,100 גרם,false,,6.50,0.0250,true,1,1409542
7290000209012,false,חומץ 1ליטר יכין הדרים,"זנלכל בע""מ",IL,חומץ 5% יכין 1 ליטר,מיליליטרים,1000.00,"100 מ""ל",false,,5.90,0.0059,true,1,1409543
7290000209371,false,תירס מתוק יכין 200 גרם מארז 3 יח',היינץ צפון אמריקה מק,IL,גרעיני תירס מתוק יכי,גרמים,420.00,100 גרם,false,,14.90,0.0355,true,1,1409545
7290000209722,false,רסק עגבניות 28% פריכוז 580 גרם יכין,"זנלכל בע""מ",IL,רוטב עגבניות פריכוז,גרמים,580.00,100 גרם,false,,10.90,0.0188,true,1,1409555
7290000209944,false,רוטב לעגבניות בסיס לשקשוקה 240 ג' יכין,"זנלכל בע""מ",IL,רוטב עגבניות לשקשוקה,גרמים,260.00,100 גרם,false,,6.50,0.0250,true,1,1427737
7290000209951,false,רוטב עגבניות לפיצה 260 גרם יכין,"זנלכל בע""מ",IL,רוטב עגבניות לפיצה י,גרמים,260.00,100 גרם,false,,6.50,0.0250,true,1,1427738
7290000211169,false,"אורז תאילנדי אחד אחד סוגת 1 ק""ג",האי נאם סי או אל.טי.,IL,אורז תאילנדי סוגת 1,גרמים,1000.00,100 גרם,false,,6.90,0.0069,true,1,1413156
7290000211312,false,סוגת אורז מלא פרסי אחד אחד 1 קג,האי נאם סי או אל.טי.,IL,אורז מלא ארוך סוגת 1,גרמים,1000.00,100 גרם,false,,8.90,0.0089,true,1,1413157
7290000211442,false,"סוגת אורז פרסי קלאסי שקית 1 ק""ג",האי נאם סי או אל.טי.,IL,אורז פרסי קלאסי סוגת,גרמים,1000.00,100 גרם,false,,10.90,0.0109,true,1,1413158
7290000211503,false,סוכר לבן ארוז בשקית,"סוגת תעשיות בע""מ",IL,"סוכר לבן נייר 1 ק""ג",גרמים,1000.00,100 גרם,false,,4.50,0.0045,true,1,1413159
7290000211985,false,"סוגת אורז עגול ריזוטו 1 ק""ג","סוגת תעשיות בע""מ",IL,אורז לבן עגול סוגת 1,גרמים,1000.00,100 גרם,false,,9.90,0.0099,true,1,1413160
7290000229123,false,פסטרמה הודו על גחלים,,,פסטרמה הודו על גחלים,גרמים,400.00,100 גרם,false,,27.90,0.0697,true,1,1411703
7290000238036,false,מלווח עגול מעדנות 700 ג',מיוצר עי קונדיטוריית,IL,מלאווח מעדנות 700 גר,גרמים,700.00,100 גרם,false,,16.90,0.0241,true,1,1411755
7290000238173,false,בורקס גבינה מעדנות 800 גרם,מיוצר עי קונדיטוריית,IL,בורקס גבינה מעדנות 8,גרמים,800.00,100 גרם,false,,19.90,0.0249,true,1,1411756
7290000253220,false,שוקולד צ'יפס חום אופנהיימר 260 גר',אופנהיימר,IL,שוקולד צ'יפס חום 260,גרמים,260.00,100 גרם,false,,11.90,0.0458,true,1,1406637
7290000253251,false,שוקולד צ'יפס לבן אופנהיימר 250 גרם,אופנהיימר,IL,שוקולד צ'יפס לבן 250,גרמים,250.00,100 גרם,false,,11.90,0.0476,true,1,1406639
7290000256555,false,מוצרלה,,,מוצרלה,קילוגרמים,1.00,"ק""ג",true,,39.90,39.9000,true,1,1408896
7290000261016,false,עוף מס' 2 קפוא חתם ס,,,עוף מס' 2 קפוא חתם ס,קילוגרמים,1.00,"ק""ג",true,,19.90,19.9000,true,1,1428303
7290000261017,false,כרעיים עוף ארוז קפוא,,,כרעיים עוף ארוז קפוא,קילוגרמים,1.00,"ק""ג",true,,24.90,24.9000,true,1,1428304
7290000261018,false,חזה עוף ארוז קפוא חת,,,חזה עוף ארוז קפוא חת,קילוגרמים,1.00,"ק""ג",true,,23.90,23.9000,true,1,1428305
7290000261019,false,כנפיים עוף ארוז קפוא,,,כנפיים עוף ארוז קפוא,קילוגרמים,1.00,"ק""ג",true,,7.90,7.9000,true,1,1428306
7290000261020,false,שוקיים עוף ארוז קפוא,,,שוקיים עוף ארוז קפוא,קילוגרמים,1.00,"ק""ג",true,,23.90,23.9000,true,1,1428307
7290000261021,false,ירכיים עוף ארוז קפוא,,,ירכיים עוף ארוז קפוא,קילוגרמים,1.00,"ק""ג",true,,21.90,21.9000,true,1,1428308
7290000261023,false,שניצל עוף פרוס ארוז,,,שניצל עוף פרוס ארוז,קילוגרמים,1.00,"ק""ג",true,,26.90,26.9000,true,1,1428310
7290000272696,false,עסיס מיץ לימון טבעי משומר 1 ל' אסם,בית-השיטה עסיס תעשיו,IL,מיץ לימון משומר מרכז,מיליליטרים,1000.00,"100 מ""ל",false,,9.90,0.0099,true,1,1407016
7290000272726,false,חומץ רכיבים רכיבים טבעיים 5% עסיס 1 ליטר,בית השיטה עסיס תעשיו,IL,חומץ טבעי 5% עסיס 1,מיליליטרים,1000.00,"100 מ""ל",false,,6.90,0.0069,true,1,1407017
7290000281382,false,נתחי פילה דג סלמון ק,,,מעדניה - נתחי פילה ס,קילוגרמים,1.00,"ק""ג",true,,89.90,89.9000,true,1,1437460
7290000282730,false,נקנקיות עוף 400 גרם,,,נקנקיות עוף 400 גרם,גרמים,400.00,100 גרם,false,,10.90,0.0273,true,1,1429246
7290000284316,false,קוקה -קולה בקבוק 1.5 ליטר,קוקה קולה ישראל,IL,קוקה קולה 1.5 ליטר,מיליליטרים,1500.00,"100 מ""ל",false,,9.10,0.0061,true,1,1413429
7290000284347,false,קינלי סודה 1.5 ליטר,קוקה קולה,,קינלי סודה 1.5 ליטר,מיליליטרים,1500.00,"100 מ""ל",false,,4.00,0.0027,true,1,1413430
7290000284361,false,קוקה קולה דיאט 1.5 ל,קוקה קולה ישראל,IL,דיאט קוקה קולה 1.5 ל,מיליליטרים,1500.00,"100 מ""ל",false,,8.80,0.0059,true,1,1413431
7290000285849,false,שוופס סודה 1.5 ליטר,יפאורה תבורי,IL,משקה שוופס סודה 1.5,מיליליטרים,1500.00,"100 מ""ל",false,,4.30,0.0029,true,1,1407554
7290000288017,false,אקונומיקה בריח לימון סנו ז'אוול 1 ליטר,"סנו מפעלי ברונוס בע""",IL,סנו זאוול אוקונומיקה,מיליליטרים,1000.00,"100 מ""ל",false,,8.90,0.0089,true,1,1410023
7290000288017,false,אקונומיקה בריח לימון סנו ז'אוול 1 ליטר,"סנו מפעלי ברונוס בע""",IL,סנו זאוול אוקונומיקה,מיליליטרים,1000.00,"100 מ""ל",false,,8.90,0.0089,true,1,1410042
7290000291956,false,סנו ז'אוול בריח לבנדר 1 ל',סנו,,סנו זאוול אוקונומיקה,מיליליטרים,1000.00,"100 מ""ל",false,,8.90,0.0089,true,1,1410057
7290000292311,false,פוליויקס נוזל רצפות בניחוח סחלבים סנו 2 ליטר,"סנו מפעלי ברונוס בע""",IL,פוליווקס סחלבים 2 לי,מיליליטרים,2000.00,"100 מ""ל",false,,21.90,0.0109,true,1,1410059
7290000294780,false,אקונומיקה סמיכה בריח לימון סנו ז'אוול 4 ליטר,"סנו מפעלי ברונוס בע""",IL,אקונומיקה סמיכה מבוש,מיליליטרים,4000.00,"100 מ""ל",false,,16.90,0.0042,true,1,1410067
7290000295404,false,סנו סושי שקיות אשפה כחולות 54*65 - 60 יחידות,מיוצר עי קונדיטוריית,IL,סנו סושי 60 שקיות אש,יחידה,60.00,יחידה,false,,23.90,0.3983,true,1,1410071
7290000295558,false,"רדיד אלומיניום רוחב 30 ס""מ סנו סושי 2 יח' 7.5 מטר",מולינו ניקולי s.p.a,TR,צמד רדיד אלומיניום,יחידה,2.00,יחידה,false,,10.90,5.4500,true,1,1410073
7290000311128,false,מן עוגיות בטעם חמאה 300 גרם*נ.ל.פ,תות ממתקי איכות,IL,עוגיות בטעם חמאה פרו,גרמים,300.00,100 גרם,false,,7.90,0.0263,true,1,1418993
7290000311180,false,מן וופלים שוקולד ציבעוני 10*25 גרם,"רוקחמן בע""מ",IL,וופל מן עוגיות 250 ג,יחידה,20.00,יחידה,false,,8.50,0.4250,true,1,1418996
7290000311210,false,"וופלים בטעם לימון ""מן"" 200 גרם","רוקחמן בע""מ",IL,ופל לימון מן 200 גרם,גרמים,200.00,100 גרם,false,,5.50,0.0275,true,1,1413162
7290000311227,false,"וופלים במילוי קרם קפה ""מן"" 200 גרם","רוקחמן בע""מ",IL,וופלים עם קפה מן 200,גרמים,200.00,100 גרם,false,,5.50,0.0275,true,1,1418997
7290000311425,false,מאגדת מן וופל מצופה כחול -עשירה 24*10,תות ממתקי איכות,IL,ופל מצופה אישי מן 10,גרמים,220.00,100 גרם,false,,8.90,0.0405,true,1,1413163
7290000311432,false,עוגיות גרנולה קינמון ללא תוספת סוכר 200ג,"רוקחמן בע""מ",IL,עוגיות גרנולה קינמון,גרמים,200.00,100 גרם,false,,11.90,0.0595,true,1,1441572
7290000311470,false,וופל מיני ללא סוכרבטעם שוקולד 200 גר',"רוקחמן בע""מ",IL,מיני וופלים בטעם שוק,גרמים,200.00,100 גרם,false,,12.90,0.0645,true,1,1441051
7290000311500,false,מן וופלים בטעם שוקולד 500 ג-נ.ל.פ,"רוקחמן בע""מ",IL,ופלים שוקולד מן 500,גרמים,500.00,100 גרם,false,,9.90,0.0198,true,1,1419005
7290000311708,false,מן עוגיות מחיטה מלאה 300 גרם*נ.ל.פ,תות ממתקי איכות,IL,עוגיות חיטה מלאה מן,גרמים,300.00,100 גרם,false,,7.90,0.0263,true,1,1419007
7290000311715,false,מן עוגיות כוכבים בטעם שוקולד 300 גרם*נ.ל.פ,תות ממתקי איכות,IL,עוגיות כוכבים בטעם ש,גרמים,300.00,100 גרם,false,,7.90,0.0263,true,1,1419008
7290000311722,false,"עוגיות בטעם וניל עם כוכבים ""מן"" 300 גרם",תות ממתקי איכות,IL,עוגיות כוכבים מן 300,גרמים,300.00,100 גרם,false,,7.90,0.0263,true,1,1419009
7290000311869,false,מן-וופלים בטעם שוק ללא תוספת סוכר 180ג,תות ממתקי איכות,IL,ופלים בטעם שוקולד לל,גרמים,180.00,100 גרם,false,,9.90,0.0550,true,1,1419013
7290000311876,false,מן-וופלים בטעם וניל ללא תוספת סוכר 180ג,"רוקחמן בע""מ",IL,ופלים בטעם וניל ללא,גרמים,180.00,100 גרם,false,,9.90,0.0550,true,1,1419014
7290000311883,false,מן עוגיות גרנולה ללא תוספת סוכר 200 גר,תות ממתקי איכות,IL,עוגיות גרנולה ללא תו,גרמים,200.00,100 גרם,false,,11.90,0.0595,true,1,1419015
7290000311890,false,מן וופל לימון ללא סוכר 180 גר-חדש,"רוקחמן בע""מ",IL,וופלים בטעם לימון לל,גרמים,180.00,100 גרם,false,,9.90,0.0550,true,1,1441574
7290000313160,false,זהבה ושלושת הדובים עוגיות בטעם שוקולד אסם 350 גרם,היינץ צפון אמריקה מק,IL,עוגיות זהבה ושלושת ה,גרמים,250.00,100 גרם,false,,7.90,0.0316,true,1,1407025
7290000313184,false,עוגיות חברים גן חיות וניל אסם 250 גר',הגביע מוצרי וופלים ב,IL,עוגיות גן חיות בטעם,גרמים,250.00,100 גרם,false,,7.90,0.0316,true,1,1407026
7290000315133,false,קנור ציר בקר משחתי 300ג,יוניליוור ישראל מזון,IL,ציר בקר קנור 300 גרם,גרמים,300.00,100 גרם,false,,24.20,0.0807,true,1,1422716
7290000318127,false,"נקניקיות ביס 380 גרם ""יחיעם""",מעדני יחיעם 1993,IL,נקניקיות ביס ללא גלו,גרמים,380.00,100 גרם,false,,11.90,0.0313,true,1,1414514
7290000319063,false,כתף בקר מעושן מפולפל 150 גר,מעדני יחיעם,IL,כתף בקר מעושן בציפוי,גרמים,150.00,100 גרם,false,,24.90,0.1660,true,1,1414520
7290000319131,false,נקניקיות עוף יחיעם 400 גרם,מעדני יחיעם 1993,IL,נקניקיות עוף ללא גלו,גרמים,400.00,100 גרם,false,,11.90,0.0298,true,1,1414521
7290000319520,false,נקניק סלמי צרפתי יחיעם 100 גרם,מעדני יחיעם 1993,IL,סלמי בסגנון צרפתי 25,גרמים,100.00,100 גרם,false,,19.90,0.1990,true,1,1414525
7290000334684,false,תפוגן טבעות בצל 700 גרם,"תעשיות תפוגן בע""מ",IL,טבעות בצל תפוגן 700,גרמים,700.00,100 גרם,false,,17.90,0.0256,true,1,1407032
7290000345260,false,תה קלאסיק מעטפות ויסוצקי 25 יחידות,מולינו ניקולי s.p.a,IL,תה קלאסי טעם עשיר וי,יחידה,25.00,יחידה,false,,7.90,0.3160,true,1,1406643
7290000345277,false,תה קלאסיק מעטפות ויסוצקי 50 יחידות,מולינו ניקולי s.p.a,IL,תה קלאסיק מעטפות ויס,יחידה,50.00,יחידה,false,,12.90,0.2580,true,1,1406644
7290000345284,false,תה ויסוצקי קלאסי אריזה ירוקה מרובעת (100 שקיקים),מולינו ניקולי s.p.a,IL,תה קלאסי טעם עשיר וי,יחידה,100.00,יחידה,false,,16.90,0.1690,true,1,1406645
7290000345291,false,תה ארל גריי ויסוצקי 25 יחידות,תה ויסוצקי,IL,תה ארל גריי ויסוצקי,יחידה,25.00,יחידה,false,,15.90,0.6360,true,1,1406646
7290000346137,false,הגן הקסום תה הילולי פירות ויסוצקי 25 יחידות,תה ויסוצקי,IL,חליטת הילולי פירות ה,יחידה,25.00,יחידה,false,,17.90,0.7160,true,1,1406648
7290000346199,false,הגן הקסום פירות היער ויסוצקי 25 יחידות,תה ויסוצקי,IL,חליטת פירות וצמחים פ,יחידה,25.00,יחידה,false,,17.90,0.7160,true,1,1406649
7290000347738,false,תה ירוק נענע ויסוצקי 25 יחידות,תה ויסוצקי,IL,תה ירוק נענע ויסוצקי,יחידה,25.00,יחידה,false,,24.90,0.9960,true,1,1406654
7290000364131,false,סלמי פריזר כפרי טירת 400 ג' צבי,טירת צבי,IL,סלמי פריזר כפרי טירת,גרמים,400.00,100 גרם,false,,13.90,0.0348,true,1,1427857
7290000364261,false,"דקניקים, סלסולי פסטרמה כתף בקר מעושנת 120 גרם",הנסיך- מפעל לייצור ט,IL,דקניקים פסטרמה כתף ב,גרמים,120.00,100 גרם,false,,14.90,0.1242,true,1,1411761
7290000364278,false,דקניקים סילסולי סלמי איטלקי 120 ג' טירת צבי,הנסיך- מפעל לייצור ט,IL,דקניקים סלמי איטלקי,גרמים,120.00,100 גרם,false,,14.90,0.1242,true,1,1411762
7290000364285,false,דקניקים סלסולי פסטרמה הודו טירת צבי 120 גרם,הנסיך- מפעל לייצור ט,IL,דקניקים פסטרמה הודו,גרמים,120.00,100 גרם,false,,14.90,0.1242,true,1,1411763
7290000364872,false,נקניקיות עוף טירת צבי 400 גרם,טיב טירת צבי 2000,IL,נקניקיות עוף 400 גרם,גרמים,400.00,100 גרם,false,,11.90,0.0298,true,1,1411713
7290000365756,false,נקניק פסטרמה ברביקיו,טירת צבי,IL,פסטרמה ברביקיו דל שו,קילוגרמים,1.00,"ק""ג",true,,85.00,85.0000,true,1,1421942
7290000365817,false,המבורגר טירת צבי 500ג',הנסיך- מפעל לייצור ט,IL,המבורגר טירת צבי 500,גרמים,500.00,100 גרם,false,,17.90,0.0358,true,1,1427858
7290000365954,false,פסטרמה הודו גחלים טי,טירת- צבי,IL,פסטרמה גחלים,קילוגרמים,1.00,"ק""ג",true,,85.00,85.0000,true,1,1411716
7290000370550,false,גבינת מוצרלה 21%שומן,,,גבינת מוצרלה 21%שומן,קילוגרמים,1.00,"ק""ג",true,,55.00,55.0000,true,1,1433967
7290000370598,false,גבינת גאודה מהולנד 3,,,גבינת גאודה מהולנד 3,קילוגרמים,1.00,"ק""ג",true,,69.00,69.0000,true,1,1433971
7290000370604,false,גבינת עיזים חלב ישרא,,,גבינת עיזים חלב ישרא,קילוגרמים,1.00,"ק""ג",true,,109.00,109.0000,true,1,1433972
7290000370727,false,גבינת איבריקו רמי לו,,,גבינת איבריקו רמי לו,קילוגרמים,1.00,"ק""ג",true,,99.90,99.9000,true,1,1437091
7290000371571,false,פסטרמה פרגיות לבאגט,,,פסטרמה פרגיות לבאגט,קילוגרמים,1.00,"ק""ג",true,,85.00,85.0000,true,1,1411719
7290000395422,false,גבינה צהובה נעם 22%,,,גבינה צהובה נעם 22%,קילוגרמים,1.00,"ק""ג",true,,42.50,42.5000,true,1,1413581
7290000408000,false,גאודה מולן,,,גאודה מולן,קילוגרמים,1.00,"ק""ג",true,,69.90,69.9000,true,1,1419712
7290000408017,false,גאודה עיזים מולן ק'ג,,,גאודה עיזים מולן,קילוגרמים,1.00,"ק""ג",true,,110.00,110.0000,true,1,1419713
7290000408316,false,יוגורט דנונה דל לקטוז 200 גרם,מיוצר עי קונדיטוריית,IL,יוגורט דנונה ביו 3%,גרמים,200.00,100 גרם,false,,3.70,0.0185,true,1,1405578
7290000408354,false,יוגורט עם אורז מצופה שוקולד קקאו 175 ג' דנונה,"שטראוס בריאות בע""מ",IL,דנונה בר פצפוצים 173,גרמים,173.00,100 גרם,false,,4.60,0.0266,true,1,1405579
7290000416021,false,ממרח בטעם שוקולד השחר חלבי 500,השחר העולה,IL,ממרח שוקולד השחר 500,גרמים,500.00,100 גרם,false,,13.90,0.0278,true,1,1413164
7290000416618,false,"ממרח שוקולד השחר פרווה בד""צ 400 גר'",השחר העולה תעשייות מ,IL,שוקולד השחר פרווה 40,גרמים,400.00,100 גרם,false,,12.90,0.0323,true,1,1413165
7290000419909,false,לנדוור לבוקר קפה טחון שחור טורקי 100 גרם,מולינו ניקולי s.p.a,IL,קפה שחור בטעם אספרסו,גרמים,100.00,100 גרם,false,,7.90,0.0790,true,1,1428189
7290000435312,false,כשלפ משמחים עדשים 10,,,כשלפ משמחים עדשים 10,גרמים,100.00,100 גרם,false,,4.90,0.0490,true,1,1433403
7290000450209,false,פוסידון טונה בהירה בשמן 77 גרם,"מיוצר עי וליגר בעמ,",IL,טונה פוסידון 108 גרם,גרמים,108.00,100 גרם,false,,5.90,0.0546,true,1,1408900
7290000453408,false,"בצק פיצה דק, מצונן ומוכן לאפייה - שמרית","פאקא תעשיות בע""מ",FR,בצק פיצה דק מצונן ומ,גרמים,415.00,100 גרם,false,,15.90,0.0383,true,1,1433241
7290000453866,false,נטורינה קוקוס לאפייה שמרית 200ג',גרונבאנג- גרונדנסק א,IL,נטורינה קוקוס לאפייה,גרמים,200.00,100 גרם,false,,8.50,0.0425,true,1,1405582
7290000461656,false,בייגלה אחד אחד 400 ג' מקלות,בייגל את בייגל מזון,IL,בייגלה מקלות חטיף אפ,גרמים,400.00,100 גרם,false,,9.90,0.0248,true,1,1409684
7290000461700,false,בייגלה שמיניות גדולות מלוחות 400 גרם,בייגל את בייגל מזון,IL,בייגלה שמיניות גדולו,גרמים,400.00,100 גרם,false,,11.90,0.0298,true,1,1409685
7290000462103,false,סחוג אדום חריף עדין (מכסה לבן) 150 גרם,קריניסה ויטמין אס אי,IL,זחוק תימני אדום חריף,גרמים,150.00,100 גרם,false,,7.90,0.0527,true,1,1405586
7290000467320,false,מלך החומוס אבו מרוואן 400 גרם,לחמנו,IL,סלט חומוס אבו מרוואן,גרמים,400.00,100 גרם,false,,13.90,0.0348,true,1,1407045
7290000467511,false,ביסלי חטיף ברביקיו אסם 55 ג',"אסם השקעות בע""מ",IL,ביסלי ברביקיו 55 גרם,גרמים,55.00,100 גרם,false,,3.90,0.0709,true,1,1407046
7290000468747,false,ביסלי חטיף גריל אסם 55 ג',"אסם השקעות בע""מ",IL,ביסלי גריל 55 גרם,גרמים,55.00,100 גרם,false,,3.90,0.0709,true,1,1407048
7290000468877,false,ביסלי בטעם בצל 55 גרם אסם,"אסם השקעות בע""מ",IL,ביסלי בצל 55 גרם,גרמים,55.00,100 גרם,false,,3.90,0.0709,true,1,1407049
7290000474373,false,"שמנת חמוצה 15% שומן 200 מ""ל טרה",קריות זול,IL,שמנת חמוצה לבישול וא,מיליליטרים,200.00,"100 מ""ל",false,,2.40,0.0120,true,1,1413589
7290000474502,false,גבינה לבנה טרה 5% מרכיבים טבעיים,קריות זול,IL,גבינה לבנה 5% טרה 25,גרמים,250.00,100 גרם,false,,4.98,0.0199,true,1,1413591
7290000480107,false,קוואקר שיבולת שועל פחית 500 גרם,וולקרס סנקס לימיטד,GB,שיבולת שועל הולנדי ק,גרמים,500.00,100 גרם,false,,13.90,0.0278,true,1,1406132
7290000480442,false,קוואקר שיבולת שועל בשקית 500 גרם,פריטו ליי FRITO-LAY,IL,קוואקר שיבולת שועל ש,גרמים,500.00,100 גרם,false,,12.80,0.0256,true,1,1406133
7290000493176,false,אסם אבקת רוטב צלי לבשר 22 ג',"אסם תעשיות בע""מ",IL,אסם אבקת רוטב צלי לב,גרמים,22.00,100 גרם,false,,4.50,0.2045,true,1,1407050
7290000493183,false,אבקת רוטב פטריות לבשר-30 גרם,"אסם תעשיות בע""מ",IL,אסם אבקת רוטב פטריות,גרמים,30.00,100 גרם,false,,4.00,0.1333,true,1,1407051
7290000497035,false,_גבינת_צפתית/ קש 5%,,,_גבינת_צפתית/ קש 5%,קילוגרמים,1.00,"ק""ג",true,,34.90,34.9000,true,1,1416349
7290000504025,false,ממתיק סוכרזית פטריה 300 טבליות,אף.סי תבליני בגליל ב,IL,סוכרזית קלאסי פטרייה,יחידה,300.00,יחידה,false,,8.90,0.0297,true,1,1416465
7290000504278,false,סוכרזית - קלאסי פטנט 700 טבליות,אף.סי תבליני בגליל ב,IL,סוכרזית קלאסי פטנט 7,יחידה,700.00,יחידה,false,,14.90,0.0213,true,1,1416466
7290000511229,false,מעדניה-בולגרית חלקה,,,מעדניה-בולגרית חלקה,קילוגרמים,1.00,"ק""ג",true,,46.90,46.9000,true,1,1420995
7290000511236,false,מעדניה-בולגרית חלקה,,,מעדניה-בולגרית חלקה,קילוגרמים,1.00,"ק""ג",true,,46.90,46.9000,true,1,1420996
7290000511243,false,מעדניה-בולגרית מסורת,,,מעדניה-בולגרית מסורת,קילוגרמים,1.00,"ק""ג",true,,39.00,39.0000,true,1,1420997
7290000511274,false,_שמנת זיתים 30%,,,_שמנת זיתים 30%,קילוגרמים,1.00,"ק""ג",true,,39.90,39.9000,true,1,1417156
7290000511904,false,בייבי אדם הולנד וילי,,,מעדניה- גבינת אדם כד,קילוגרמים,1.00,"ק""ג",true,,79.00,79.0000,true,1,1408354
7290000521008,false,"של סגל אדום יבש , 750 מ""ל",כרמי צבי - אחים סגל,IL,יין אדום יבש יקבי סג,מיליליטרים,750.00,"100 מ""ל",false,,21.90,0.0292,true,1,1410663
7290000521015,false,"יין סגל לבן יבש 750מ""ל","מיוצר ע""י כרמי צבי-",IL,יין לבן יבש יקבי סגל,מיליליטרים,750.00,"100 מ""ל",false,,21.90,0.0292,true,1,1410664
7290000525969,false,מיץ תפוזים סחוט רכיבים טבעיים פרימור 1 ליטר,"גניר (1992) בע""מ",IL,מיץ תפוזים סחוט פרי,מיליליטרים,1000.00,"100 מ""ל",false,,16.20,0.0162,true,1,1405593
7290000530024,false,תה מעושן רחב זוגלובק,זוגלובק,IL,נקניק תה מעושן,קילוגרמים,1.00,"ק""ג",true,,44.90,44.9000,true,1,1415271
7290000530086,false,נקניק סלמי מעושן זוגלובק 600 גרם,נקניק נהריה כשר זוגל,IL,סלמי מעושן 7000 600,גרמים,600.00,100 גרם,false,,29.90,0.0498,true,1,1415286
7290000530260,false,נקניק מורטדלה זוגלוב,זוגלובק,IL,נקניק מורטודלה -טבעי,קילוגרמים,1.00,"ק""ג",true,,29.90,29.9000,true,1,1415275
7290000530291,false,נקניק מבשר הודו קטן זוגלובק 750 גרם,נקניק נהריה כשר זוגל,IL,נקניק מבשר הודו קטן,גרמים,750.00,100 גרם,false,,19.90,0.0265,true,1,1415288
7290000530598,false,נקניקיות עוף וינר זוגלובק 500 גרם,נקניק נהריה כשר זוגל,IL,נקניקיות וינר 500 גר,גרמים,500.00,100 גרם,false,,15.80,0.0316,true,1,1415290
7290000530703,false,פסטרמה חרמון כפרית ונקניק תה מעושן זוגלובק 2*400 גרם,נקניק נהריה כשר זוגל,IL,תה מעושן 400 גרם + פ,גרמים,800.00,100 גרם,false,,29.90,0.0374,true,1,1415292
7290000531410,false,פסטרממיה בדבש טהור ב,זוגלובק,IL,פסטרמה בדבש טהור,קילוגרמים,1.00,"ק""ג",true,,69.90,69.9000,true,1,1415276
7290000537566,false,נקניקיות עוף טרי 400 ג' זוגלובק,נקניק נהריה כשר זוגל,IL,נקניקיות עוף זוגלובק,גרמים,400.00,100 גרם,false,,12.90,0.0323,true,1,1415297
7290000537610,false,נקניק סלמי עממי במשק,,IL,נק' סלמי עממי,קילוגרמים,1.00,"ק""ג",true,,44.90,44.9000,true,1,1415281
7290000538372,false,נקניק קוניאק אקסטרה,זוגלובק,IL,נקניק קוניאק,קילוגרמים,1.00,"ק""ג",true,,49.90,49.9000,true,1,1421278
7290000538709,false,נקניק סלמי תה מעושן זוגלובק 200 גרם,זוגלובק,IL,תה מעושן זוגלובק 200,גרמים,200.00,100 גרם,false,,14.90,0.0745,true,1,1415298
7290000552569,false,סטייקבורגר בקר טיבון ויל 400 גרם,"טיבון ויל אחזקות בע""",IL,סטייק בורגר 400 גרם,גרמים,400.00,100 גרם,false,,19.90,0.0497,true,1,1408980
7290000552927,false,עוף טחון טיבון ויל 500 גרם,"טיבון ויל אחזקות בע""",IL,עוף טחון טיבון ויל 5,גרמים,500.00,100 גרם,false,,14.90,0.0298,true,1,1408981
7290000552934,false,בשר הודו טחון טיבון ויל 500 גרם,קריות זול,IL,בשר הודו טחון טיבון,גרמים,500.00,100 גרם,false,,13.90,0.0278,true,1,1408982
7290000552989,false,בשר טחון טיבון ויל 500 גרם,"טיבון ויל אחזקות בע""",IL,בשר טחון טיבון ויל 5,גרמים,500.00,100 גרם,false,,27.90,0.0558,true,1,1408983
7290000554402,false,מעדן חלב מלבי גד 160 גרם,"מיוצר ע""י קוד יצרן E",IL,מעדן חלב מלבי גד 160,גרמים,160.00,100 גרם,false,,5.50,0.0344,true,1,1413746
7290000554532,false,גבינה צפתית מעודנת במלח ים 5% 200 ג' גד,הנסיך- מפעל לייצור ט,IL,צפתית מעודנת 5% מחלב,גרמים,200.00,100 גרם,false,,14.60,0.0730,true,1,1413749
7290000554600,false,מוצרלה מגורדת 22 אחוז 300גרם גד מהדרין,מחלבות גד בעמ,IL,גבינת מוצרלה מגורדת,גרמים,300.00,100 גרם,false,,24.90,0.0830,true,1,1413750
7290000554686,false,גבינת לאבנה בתוספת שמן זית וזעתר 5% גד 250 גרם,מחלבות גד בעמ,IL,גבינת לאבנה בשמן זית,גרמים,250.00,100 גרם,false,,15.00,0.0600,true,1,1413752
7290000554822,false,ריקוטה גבינה לבנה בסגנון איטלקי 5% גד 250 גרם,מחלבות גד בעמ,IL,ריקוטה 5% 250 גרם,גרמים,250.00,100 גרם,false,,14.90,0.0596,true,1,1413753
7290000554839,false,מסקרפונה שמנת מתוקה קשה בסגנון איטלקי 40% גד 250 גרם,מחלבות גד בעמ,IL,גבינת מסקרפונה 40% ג,גרמים,250.00,100 גרם,false,,19.90,0.0796,true,1,1413754
7290000572529,false,חלוה עם פיסטוק אחווה 400 גרם,אחדות ביחר לטחינה חל,IL,חלוה פיסטוק 400 גרם,גרמים,400.00,100 גרם,false,,14.90,0.0373,true,1,1413169
7290000572543,false,חלוה בטעם שוקו וניל אחווה 400 גרם,אחדות ביחר לטחינה חל,IL,חלווה שיש 400 גרם במ,גרמים,400.00,100 גרם,false,,12.90,0.0323,true,1,1413171
7290000572628,false,חטיפי חלווה ללא סוכר בקופסא 250 גרם,שוורצקוף& הנקל דיסלד,IL,חטיפי חלווה ללא תוספ,גרמים,275.00,100 גרם,false,,13.50,0.0491,true,1,1413172
7290000604022,false,ביצים גדולות L תנובה 12 יחידות,ביצי תנובה,,12 ביצים L גדול,יחידה,12.00,יחידה,false,,12.05,1.0042,true,1,1428808
7290000604022,false,ביצים גדולות L תנובה 12 יחידות,ביצי תנובה,,12 ביצים L גדול,יחידה,12.00,יחידה,false,,12.05,1.0042,true,1,1411840
7290000625607,false,גבינת חריץ סקנדינבית,,,גבינת חריץ סקנדינבית,קילוגרמים,1.00,"ק""ג",true,,75.00,75.0000,true,1,1411352
7290000639246,false,פסטרמה איטלקית,,,פסטרמה איטלקית,קילוגרמים,1.00,"ק""ג",true,,69.90,69.9000,true,1,1415282
7290000644783,false,"סלמון מנות קפוא ""תנובה""",דגי תנובה,NO,מנות סלמון בואקום,קילוגרמים,1.00,"ק""ג",true,,84.90,84.9000,true,1,1432585
7290000654546,false,פילה אמנון קפוא 100% דג,תנובה,IL,פילה אמנון קפוא 7-9,קילוגרמים,1.00,"ק""ג",true,,36.90,36.9000,true,1,1440257
7290000655376,false,פילה דניס קפוא תנובה,דגי תנובה,TR,פילה דניס קפוא דגי ת,קילוגרמים,1.00,"ק""ג",true,,94.90,94.9000,true,1,1440258
7290000663135,false,קוביות סלמון 100% דג קפוא 300 גרם,commercial mares de,CL,קוביות סלמון קפוא דג,גרמים,300.00,100 גרם,false,,29.90,0.0997,true,1,1440260
7290000688381,false,שישיית מי עדן פקק ספורט 0.5 ליטר,"מי עדן בע""מ",IL,מים מינרליים פקק ספו,מיליליטרים,3000.00,"100 מ""ל",false,,16.70,0.0056,true,1,1407555
7290000692227,false,נוזל כלים פלמוליב צילינדר קלאסי 1 ליטר,יבואן ומשווק: ש. שסט,GR,נוזל לניקוי כלים 18%,מיליליטרים,1000.00,"100 מ""ל",false,,14.50,0.0145,true,1,1414174
7290000725600,false,גבינת חריץ סקנדינבית,,,גבינת חריץ סקנדינבית,קילוגרמים,1.00,"ק""ג",true,,75.00,75.0000,true,1,1420992
7290000805900,false,"מזון חתולים לה קט עוף 2.85 ק""ג","ביופט בע""מ",IL,"לה קט עוף 2.85 ק""ג",קילוגרמים,2.85,"ק""ג",false,,68.90,24.1754,true,1,1408196
7290000837633,false,פרמזן דנוגס,,,פרמזן דזוגס,קילוגרמים,1.00,"ק""ג",true,,79.90,79.9000,true,1,1419718
7290000861025,false,מעדניה - בולגרית מסו,,,מעדניה - בולגרית מסו,קילוגרמים,1.00,"ק""ג",true,,46.90,46.9000,true,1,1433481
7290000861278,false,_גבינה שמנת טבעי 30%,,,_גבינה שמנת טבעי 30%,קילוגרמים,1.00,"ק""ג",true,,39.90,39.9000,true,1,1417157
7290000861520,false,_גבינת שמנת 5% בטעמי,,,_גבינת שמנת 5% בטעמי,קילוגרמים,1.00,"ק""ג",true,,29.90,29.9000,true,1,1417160
7290000900566,false,פסטרמה ברביקיו דלת-ש,,,פסטרמה ברביקיו דלת-ש,גרמים,360.00,100 גרם,false,,25.90,0.0719,true,1,1411722
7290000913551,false,פסטרמה כפרית טירת צבי 400 ג',טירת צבי,IL,פסטרמה כפרית טירת צב,גרמים,400.00,100 גרם,false,,21.90,0.0547,true,1,1427859
7290000961804,false,תבלין עמבה,ברכת קטיף,IL,דלעת חתוכה,קילוגרמים,1.00,"ק""ג",true,,9.80,9.8000,true,1,1420911
7290000995410,false,נבטים סיניים נבטי הע,נסטלה פורינה USA קר,IL,נבטים סיניים נבטי הע,יחידה,1.00,יחידה,false,,6.90,6.9000,true,1,1417569
7290001045169,false,פרימור סחוט תפוחי עץ צלול 1 ל',"גניר (1992) בע""מ",IL,מיץ תפוחי עץ צלול 1,מיליליטרים,1000.00,"100 מ""ל",false,,16.20,0.0162,true,1,1405594
7290001045657,false,פרימור מיץ תפוחים סחוט מקורר 400מל,פרימור,IL,משקה תפוחים צלול פרי,מיליליטרים,400.00,"100 מ""ל",false,,8.30,0.0208,true,1,1405597
7290001045688,false,"פרימור סחוט 400 מ""ל- תפוזים",פרימור,IL,משקה תפוזים פרימור 4,מיליליטרים,400.00,"100 מ""ל",false,,10.20,0.0255,true,1,1405598
7290001121238,false,נקניק קורנדביף 4% יחיעם 180 גרם,מעדני יחיעם 1993,IL,קורנד ביף 180גר',גרמים,180.00,100 גרם,false,,24.90,0.1383,true,1,1432384
7290001121979,false,נקניק סלמי הרץ מעדני יחיעם 150 גרם,תאי פרזידנט פוד פאבל,IL,סלמי הרץ 150גר',גרמים,150.00,100 גרם,false,,24.90,0.1660,true,1,1414529
7290001123775,false,שווארמה אמיתית פרגיות טיבון ויל 500 גרם,"טיבול ויל אחזקות בע""",IL,שווארמה פרגיות 500 ג,גרמים,500.00,100 גרם,false,,24.90,0.0498,true,1,1408984
7290001123782,false,שווארמה אמיתית הודו טיבון ויל 500 גרם,קריות זול,IL,שווארמה הודו 500 גרם,גרמים,500.00,100 גרם,false,,29.90,0.0598,true,1,1408985
7290001136683,false,"מרכך לשיער רגיל בבושם פרחים נקה 7 750 מ""ל","אמיליה קוסמטיקס בע""מ",IL,מרכך לשיער רגיל ירוק,מיליליטרים,750.00,"100 מ""ל",false,,11.90,0.0159,true,1,1410077
7290001179291,false,צלחת 9' קרם (25 יח'),,,צלחת 9' קרם (25 יח'),יחידה,25.00,יחידה,false,,12.90,0.5160,true,1,1415617
7290001199244,false,"סלט כרוב במלח 1 ק""ג",סלטי עמים ברדה,,"סלט כרוב במלח 1 ק""ג",גרמים,1000.00,100 גרם,false,,16.90,0.0169,true,1,1419946
7290001199459,false,סלט כרוב במלח עם תפו,סלטי עמים ברדה,,סלט כרוב במלח עם תפו,קילוגרמים,1.00,"ק""ג",false,,15.90,15.9000,true,1,1419950
7290001199510,false,חמוצים בטעם ביתי 700גר,סלטי עמים ברדה,,סלט חמוציות בטעם בית,קילוגרמים,1.00,"ק""ג",false,,15.90,15.9000,true,1,1419951
7290001216040,false,טחינה גולמית שומשום טהור אל ארז 500 גרם,דולפין ספא,IL,טחינה אל ארז שומשום,גרמים,500.00,100 גרם,false,,16.90,0.0338,true,1,1413173
7290001216231,false,טחינה גולמית שומשום מלא אל ארז 500 גרם,דולפין ספא,IL,טחינה אל ארז שומשום,גרמים,500.00,100 גרם,false,,17.20,0.0344,true,1,1413174
7290001246092,false,"תרסיס מסיר שומנים 750 מ""ל טאצ.",סאסאטק,IL,תרסיס מסיר שומנים 75,מיליליטרים,750.00,"100 מ""ל",false,,11.90,0.0159,true,1,1408066
7290001247082,false,מיץ עגבניות רכיבים טבעיים ספרינג 1 ליטר,"יפאורה תבורי בע""מ",IL,ספרינג קרטוניות עגבנ,מיליליטרים,1000.00,"100 מ""ל",false,,6.50,0.0065,true,1,1407559
7290001247099,false,קרטונית נקטר ספרינג מנגו 1 ליטר,"יפאורה תבורי בע""מ",IL,קרטוניות ספרינג מנגו,מיליליטרים,1000.00,"100 מ""ל",false,,6.80,0.0068,true,1,1407560
7290001247112,false,קרטונית נקטר ספרינג לימונענע 1 ליטר,"יפאורה תבורי בע""מ",IL,ספרינג קרטוניות לימו,מיליליטרים,1000.00,"100 מ""ל",false,,6.80,0.0068,true,1,1407562
7290001247129,false,נקטר ספרינג תפוזים קרטונית 1 ל',"יפאורה תבורי בע""מ",IL,ספרינג קרטוניות תפוז,מיליליטרים,1000.00,"100 מ""ל",false,,6.80,0.0068,true,1,1407563
7290001247143,false,קרטונית נקטר ספרינג תפוחים 1 ליטר,"יפאורה תבורי בע""מ",IL,נקטר תפוחים בקרטון ס,מיליליטרים,1000.00,"100 מ""ל",false,,6.80,0.0068,true,1,1407564
7290001265642,false,שלישיית מעדני לה-קט פטה 3*400 גר',קריות זול,FR,לה קט מולטיפק מעדני,גרמים,1200.00,100 גרם,false,,22.90,0.0191,true,1,1408197
7290001302279,false,אוסם - במבה קלאסי 60 גרם,מיוצר עי קונדיטוריית,IL,במבה קלאסי 60 גרם,גרמים,60.00,100 גרם,false,,4.30,0.0717,true,1,1407055
7290001327180,false,שטראוס קרמיסימו וניל ציפ 1.33 ליטר,"גלידת שטראוס בע""מ, ר",IL,גלידת קרמיסימו 1.33,מיליליטרים,1330.00,"100 מ""ל",false,,18.90,0.0142,true,1,1416778
7290001327791,false,גלידת קרמיסימו וניל עוגיות חלבי,"גלידת שטראוס בע""מ, ר",IL,גלידת קרמיסימו1.33 ל,מיליליטרים,1330.00,"100 מ""ל",false,,18.90,0.0142,true,1,1416781
7290001407769,false,טחינה גולמית שומשום מלא בארכה 500 גרם,רושדי תעשיות מזון בע,IL,בארכה טחינה 100% שומ,גרמים,500.00,100 גרם,false,,14.90,0.0298,true,1,1407060
7290001419618,false,וופל בלגי עלמה שחור לבן וניל 200ג',"גילרו בע""מ",IL,ופלים בסגנון בלגי בט,גרמים,200.00,100 גרם,false,,3.50,0.0175,true,1,1419503
7290001419779,false,"וופל קלאסי בטעם שוקולד ""עלמה"" 200 גרם","גילרו בע""מ",IL,ופלים בטעם שוקולד על,גרמים,200.00,100 גרם,false,,3.50,0.0175,true,1,1419504
7290001419793,false,גביעי גלידה מגולגל עלמה גילרו 30 יח',"גילרו בע""מ",IL,עלמה גביעי גלידה 12,יחידה,12.00,יחידה,false,,11.90,0.9917,true,1,1413175
7290001468883,false,ריבה נאמן שזיף משמש,צור,,ריבה נאמן שזיף משמש,גרמים,820.00,100 גרם,false,,13.90,0.0170,true,1,1410271
7290001482094,false,גבינה פרמז'נו משולשים ויליפוד 200ג',זנטי אס. אי לאלין,IT,פרמז'נו 200 גרם,גרמים,200.00,100 גרם,false,,19.90,0.0995,true,1,1408374
7290001482186,false,אננס חתוך בסירופ קל וילי פוד 565 גר,הנסיך- מפעל לייצור ט,TH,אננס חתוך בסירופ קל,גרמים,565.00,100 גרם,false,,6.90,0.0122,true,1,1433231
7290001525012,false,המבורגר טבעוני ירוק,,,המבורגר טבעוני ירוק,גרמים,230.00,100 גרם,false,,16.90,0.0735,true,1,1431375
7290001591703,false,קבב אנגוס עגול 500 גר' חלק רבנות,טיבון ויל,IL,קבב אנגוס עגול טיבון,גרמים,500.00,100 גרם,false,,23.90,0.0478,true,1,1438495
7290001591710,false,המבורגר אנגוס 600 ג' טיבון ויל,טיבון ויל,IL,המבורגר אנגוס טיבון,גרמים,600.00,100 גרם,false,,23.90,0.0398,true,1,1438498
7290001594155,false,"קוקה-קולה בבקבוק אישי 500 מ""ל",החברה המרכזית לייצור,IL,"קוקה קולה 500 מ""ל",מיליליטרים,500.00,"100 מ""ל",false,,6.50,0.0130,true,1,1413438
7290001594179,false,"פאנטה אורנג' בבקבוק אישי 500 מ""ל",החברה המרכזית לייצור,IL,"פאנטה אורנג' 500 מ""ל",מיליליטרים,500.00,"100 מ""ל",false,,6.50,0.0130,true,1,1413439
7290001594186,false,דיאט קוקה-קולה בבקבוק אישי,החברה המרכזית לייצור,IL,דיאט קוקה קולה 500 מ,מיליליטרים,500.00,"100 מ""ל",false,,6.50,0.0130,true,1,1413440
7290001594230,false,קינלי סודה בבקבוק זכוכית,החברה המרכזית לייצור,IL,"קינלי סודה 250 מ""ל",מיליליטרים,250.00,"100 מ""ל",false,,3.90,0.0156,true,1,1413441
7290001594384,false,פריגת אשכוליות 0.5 ליטר חייב בפקדון,מבשלות בירה בינלאומי,IL,פריגת אשכוליות 500 מ,מיליליטרים,500.00,"100 מ""ל",false,,5.80,0.0116,true,1,1422737
7290001594568,false,"קרלסברג פחית 500 מ""ל פקדון",מבשלות בירה בינלאומי,RO,בירה קרלסברג פחית 50,מיליליטרים,500.00,"100 מ""ל",false,,8.90,0.0178,true,1,1413445
7290001594575,false,"בירה טובורג בפחית 500 מ""ל",מבשלות בירה בינלאומי,IL,בירה טובורג פחית 500,מיליליטרים,500.00,"100 מ""ל",false,,9.10,0.0182,true,1,1413446
7290001594858,false,"טובורג רד שישייה בקבוק 330 מ""ל",קרלסברג ישראל,IL,טובורג רד שישיה 330,מיליליטרים,1980.00,"100 מ""ל",false,,39.90,0.0202,true,1,1413447
7290001594865,false,"קרלסברג בירה בקבוק 6* 330 מ""ל",קרלסברג ישראל,IL,"קרלסברג שישיה 330 מ""",מיליליטרים,1980.00,"100 מ""ל",false,,41.70,0.0211,true,1,1413448
7290001598085,false,לחם משפחתי עם דגנים מקמח מלא,מאפיית יוסף ברון,IL,לחם קסטן משפחתי חיטה,גרמים,1000.00,100 גרם,false,,16.90,0.0169,true,1,1420514
7290001598115,false,לחם בריאות מקמח מלא 700 גר,מאפיית יוסף ברון,,לחם חיטה מלאה 700 גר,גרמים,700.00,100 גרם,false,,12.90,0.0184,true,1,1420516
7290001598122,false,לחם מיוחד - צהוב מקמח שיפון וקמח מלא,קונדיטוריית ברון,,לחם מיוחד שיפון עם ח,גרמים,700.00,100 גרם,false,,12.90,0.0184,true,1,1420517
7290001598191,false,לחם קל שיפון מלא מהדרין 700גר,מאפיית יוסף ברון,,לחם שיפון קל ברון 55,גרמים,550.00,100 גרם,false,,12.90,0.0235,true,1,1420519
7290001598276,false,"לחם 7 דגנים קל מקמח חיטה מלא ללא שמרים 1.1 ק""ג הברון",מאפיית יוסף ברון,IL,לחם קסטן מחמצת עם דג,גרמים,1000.00,100 גרם,false,,16.90,0.0169,true,1,1420522
7290001598429,false,פרנה מרוקאית חמשת 4,מאפיית יוסף ברון בעמ,IL,לחם פרנה ברון 520 גר,גרמים,520.00,100 גרם,false,,12.90,0.0248,true,1,1438952
7290001598528,false,לחם כוסמין 100% 450ג' הברון,מאפיית יוסף ברון בעמ,,לחם כוסמין חמשת מיני,גרמים,450.00,100 גרם,false,,16.90,0.0376,true,1,1438955
7290001598580,false,פיתות כוסמין 6יח 99 קלוריות,מאפיית יוסף ברון בעמ,,פיתות כוסמין חמשת מי,גרמים,372.00,100 גרם,false,,16.90,0.0454,true,1,1438957
7290001598597,false,פיתה כוסמין 99 קלוריות,,,פיתה 99 קלוריות חמשת,גרמים,300.00,100 גרם,false,,15.90,0.0530,true,1,1438958
7290001598856,false,פיתות כוסמין ביס חמש,,,פיתות כוסמין ביס חמש,גרמים,400.00,100 גרם,false,,15.90,0.0398,true,1,1438959
7290001690208,false,גבינת גאודה בקר הולנ,,NL,גבינת גאודה בקר הולנ,גרמים,200.00,100 גרם,false,,22.90,0.1145,true,1,1437798
7290001789711,false,סט 3 קופסאות מלבניות,,,סט 3 קופסאות מלבניות,יחידה,3.00,יחידה,false,,10.90,3.6333,true,1,1441900
7290001789735,false,סט 3 קופסאות מלבניות,,,סט 3 קופסאות מלבניות,יחידה,3.00,יחידה,false,,10.90,3.6333,true,1,1441752
7290001789742,false,סט 3 קופסאות ריבועיות עם מכסה אדום,,,סט 3 קופסאות ריבועיו,יחידה,1.00,יחידה,false,,9.90,9.9000,true,1,1443056
7290001791349,false,פיסגה אקונומיקה ריחנית סנו 4 ליטר,"סנו מפעלי ברונוס בע""",IL,אקונומיקה ריחנית פיס,מיליליטרים,4000.00,"100 מ""ל",false,,11.90,0.0030,true,1,1410078
7290001817377,false,צ'יטוס חטיף איקס עיגול פיצה 60 גרם,"שטראוס פריטו ליי בע""",IL,ציטוס איקס עיגול 60,גרמים,60.00,100 גרם,false,,3.50,0.0583,true,1,1406134
7290001817728,false,צ'יטוס אפוי כאפה בטעם קטשופ 55 גרם,"שטראוס פריטו ליי בע""",IL,ציטוס כאפה 55 גרם,גרמים,55.00,100 גרם,false,,3.50,0.0636,true,1,1406136
7290001873458,false,סטייק בורגר בלאק אנג,מולינו ניקולי s.p.a,IL,סטיקבורגר בלק אנגוס,גרמים,320.00,100 גרם,false,,24.90,0.0778,true,1,1439660
7290001873489,false,קרפצ'יו בלאק אנגוס 1,טיבון ויל אחזקות בעמ,IL,קרפצ'יו בלק אנגוס 12,גרמים,120.00,100 גרם,false,,19.90,0.1658,true,1,1439662
7290002019787,false,רוטב עגבניות מרוכז מאוד 260 גרם פריניר,פריניר ( הדס 1987) ב,IL,פריניר רוטב עגבניות,גרמים,260.00,100 גרם,false,,3.90,0.0150,true,1,1413177
7290002019794,false,רוטב עגבניות מרוכז מאוד 100 גרם פריניר,פריניר ( הדס 1987) ב,IL,רסק עגבניות פריניר 1,גרמים,100.00,100 גרם,false,,1.90,0.0190,true,1,1413178
7290002022152,false,מרשמלו ורוד לבן וסטהיים 100ג36X שקיות בקרטון,מנדלז סי.אר. פרודקשן,IL,מרשמלו מושי 100 גרם,גרמים,100.00,100 גרם,false,,3.90,0.0390,true,1,1407938
7290002057031,false,זית יבנה מבוקע פיקנטיבשמן זית 340 גרם,קבוצת יבנה,IL,זיתים מבוקעים פיקנטי,גרמים,560.00,100 גרם,false,,8.90,0.0159,true,1,1432108
7290002057123,false,זיתים ירוקים מנזנילו קבוצת יבנה 560 גרם,קבוצת יבנה,IL,זית חרוזית ירוק 275,גרמים,275.00,100 גרם,false,,9.50,0.0345,true,1,1413180
7290002057185,false,טבעות זיתים ירוקים קבוצת יבנה 560 גרם,קבוצת יבנה,IL,טבעות זיתים ירוקים ‏,גרמים,275.00,100 גרם,false,,9.90,0.0360,true,1,1413182
7290002057369,false,מלפפונים במלח בינוני קבוצת יבנה 560 גרם,קבוצת יבנה,IL,מלפפון קטן במלח 540,גרמים,540.00,100 גרם,false,,7.90,0.0146,true,1,1413186
7290002057376,false,מלפפון יבנה במלח קטנים 13-17 320 גרם,קבוצת יבנה,IL,מלפפון קטן במלח 540,גרמים,540.00,100 גרם,false,,9.90,0.0183,true,1,1413187
7290002057383,false,מלפפון יבנה במלח קטנים מאוד 18-25 320 גר יבנה,קבוצת יבנה,IL,מלפפון קטן במלח 18-2,גרמים,540.00,100 גרם,false,,12.90,0.0239,true,1,1413188
7290002057451,false,מלפפון בחומץ ‏9‏-‏7‏ %‏20‏ 560 ג' יבנה,אף.סי תבליני בגליל ב,IL,מלפפון גדול בחומץ 7-,גרמים,540.00,100 גרם,false,,6.90,0.0128,true,1,1413189
7290002057475,false,מלפפונים בחומץ קטן קבוצת יבנה 560 גרם,קבוצת יבנה,IL,מלפפון קטן בחומץ 13-,גרמים,560.00,100 גרם,false,,9.90,0.0177,true,1,1413191
7290002057482,false,מלפפון יבנה בחומץ קטנים מאוד 18-25 290 ג,קבוצת יבנה,IL,מלפפון בחומץ 18-25 -,גרמים,560.00,100 גרם,false,,12.90,0.0230,true,1,1413192
7290002057604,false,פלפל חריף שיפקה קבוצת יבנה 225 גרם.,קבוצת יבנה,IL,פלפל חריף שיפקה 225,גרמים,225.00,100 גרם,false,,5.90,0.0262,true,1,1413193
7290002057628,false,טבעות זיתים מושחר יבנה 540 גרם,קבוצת יבנה,IL,זיתים מושחרים טבעות,גרמים,540.00,100 גרם,false,,9.90,0.0183,true,1,1432110
7290002057734,false,זיתים חרוזית שחור A2 יבנה 540ג',קבוצת יבנה,IL,זיתים מושחרים ללא גל,גרמים,540.00,100 גרם,false,,8.90,0.0165,true,1,1432111
7290002075233,false,שוקולד אייסקונפקט 250 גרם,יושלם,,בונ' אייסקונפקט שוקו,גרמים,250.00,100 גרם,false,,14.90,0.0596,true,1,1419138
7290002075561,false,סוכ' פיז אבקה בטעם פ,,,סוכ' פיז אבקה בטעם פ,יחידה,1.00,יחידה,false,,1.50,1.5000,true,1,1414443
7290002077268,false,מיני קציצות דג לבישול 500 גרם קהילות,האי נאם סי או אל.טי.,IL,קציצות דג מיני 500 ג,גרמים,500.00,100 גרם,false,,21.90,0.0438,true,1,1429871
7290002079033,false,לחם דגנים לייט פרוס 500 גרם,מאפיית דוידוביץ ובני,IL,לחם דגנים לייט 500 ג,גרמים,500.00,100 גרם,false,,12.90,0.0258,true,1,1417488
7290002079156,false,פיתות דוידוביץ חמישי,מאפיית דוידוביץ ובני,,פיתות 5 יחידות דוידו,יחידה,5.00,יחידה,false,,9.90,1.9800,true,1,1417489
7290002079217,false,מחמצת עם אגוזים שיפון 650 ג',מאפיית דוידוביץ ובני,IL,מחמצת עם אגוזים שיפו,גרמים,650.00,100 גרם,false,,13.90,0.0214,true,1,1417490
7290002079316,false,חלה פרוסה רגילה 500,מאפית דוידוביץ ובניו,IL,חלה פרוסה 500 גרם,גרמים,500.00,100 גרם,false,,9.90,0.0198,true,1,1417491
7290002079361,false,לחמניות המבורגר חתוך 6+2*60 ג',מאפיית דוידוביץ ובני,IL,מארז המבורגר 2+6 יחי,יחידה,8.00,יחידה,false,,18.90,2.3625,true,1,1417493
7290002079477,false,לחם אחיד פרוס דוידוב,מאפיית דוידוביץ ובני,IL,לחם אחיד פרוס 750 גר,גרמים,750.00,100 גרם,false,,6.90,0.0092,true,1,1417485
7290002079477,false,לחם אחיד פרוס דוידוב,מאפיית דוידוביץ ובני,IL,לחם אחיד פרוס 750 גר,גרמים,750.00,100 גרם,false,,6.90,0.0092,true,1,1417495
7290002079996,false,לחם אחיד קל פרוס 750 גרם,מאפיית דוידוביץ ובני,IL,לחם אחיד קל פרוס 750,גרמים,750.00,100 גרם,false,,11.90,0.0159,true,1,1417499
7290002105565,false,טחון הודו 500 גרם מחפוד מהדרין,עוף ירושלים,IL,טחון הודו 500 גרם מח,גרמים,500.00,100 גרם,false,,16.90,0.0338,true,1,1429244
7290002105749,false,"טחון בקר 100% קפוא 1 ק""ג גאלט מחפוד",עוף ירושלים,IL,"טחון בקר נקי 1 ק""ג ק",גרמים,1000.00,100 גרם,false,,45.90,0.0459,true,1,1441455
7290002107385,false,גליל גבינת עיזים מה עז משק צוריאל 180 גרם,מחלבת משק צוריאל,IL,גליל גבינת עיזים מה,גרמים,180.00,100 גרם,false,,21.90,0.1217,true,1,1413598
7290002130567,false,דבש טהור מפרחי בר בזכוכית 350 גרם,מכוורת יד מרדכי שטרא,IL,דבש טהור יד מרדכי 35,גרמים,350.00,100 גרם,false,,18.90,0.0540,true,1,1416470
7290002130574,false,דבש טהור מפרחי בר בזכוכית 500 ג' יד מרדכי,מכוורת יד מרדכי שטרא,IL,דבש טהור 500 גרם,גרמים,500.00,100 גרם,false,,24.90,0.0498,true,1,1416471
7290002130581,false,"דבש טהור מפרחי בר בזכוכית 1 ק""ג",שטראוס גרופ,IL,"דבש טהור 1 ק""ג",גרמים,1000.00,100 גרם,false,,42.90,0.0429,true,1,1416472
7290002132011,false,עוגיות מזרחיות מלוחות עבאדי 400 גרם,מאפיית יוסף ושמחה עב,IL,עוגיות מזרחיות עבאדי,גרמים,400.00,100 גרם,false,,19.90,0.0497,true,1,1406662
7290002157960,false,טונה ויליגר 392 גרם במים רביעייה,ויליגר,IL,רביעיית טונה במים 56,גרמים,560.00,100 גרם,false,,21.90,0.0391,true,1,1439697
7290002190516,false,"ריבת חלב גלעם-קומידה 500ג' 12X-כשל""פ",קריות זול,IL,ממרח ריבת חלב קומידה,גרמים,500.00,100 גרם,false,,13.90,0.0278,true,1,1407774
7290002277927,false,מעדניה - פילה אמנון,,,מעדניה - פילה אמנון,קילוגרמים,1.00,"ק""ג",true,,30.90,30.9000,true,1,1431070
7290002279211,false,חלה מתוקה ארוזה אלומ,,,חלה מתוקה ארוזה אלומ,גרמים,500.00,100 גרם,false,,10.90,0.0218,true,1,1417500
7290002281382,false,נתח סלמון נורווגי 100 % דלידג,דלידג,,מעדניה - נתחי פילה ס,קילוגרמים,1.00,"ק""ג",true,,89.90,89.9000,true,1,1408997
7290002281382,false,נתח סלמון נורווגי 100 % דלידג,דלידג,,מעדניה - נתחי פילה ס,קילוגרמים,1.00,"ק""ג",true,,89.90,89.9000,true,1,1437461
7290002321750,false,מעדניה - פילה אמנון,,IL,מעדניה - פילה אמנון,קילוגרמים,1.00,"ק""ג",true,,30.90,30.9000,true,1,1431071
7290002327028,false,ג'חנון תימני 3 האופים 650 גר',TLV צ'יף,IL,ג'חנון שלושת האופים,גרמים,650.00,100 גרם,false,,19.90,0.0306,true,1,1408998
7290002327042,false,"בורקס תפו""א 800 גר' שלושת האופים קהילות",שלושת האופים,IL,בורקס תפוחי אדמה שלו,גרמים,800.00,100 גרם,false,,19.90,0.0249,true,1,1408999
7290002327059,false,"בצק עלים 1 ק""ג שלושת האופים קהילות",שלושת האופים,IL,בצק עלים מרודד שלושת,גרמים,1000.00,100 גרם,false,,21.90,0.0219,true,1,1409000
7290002331018,false,"נביעות מים עם פקק ספורט 500מ""ל",נביעות טבע הגליל בעמ,IL,מים מינרלים נביעות 5,מיליליטרים,500.00,"100 מ""ל",false,,3.90,0.0078,true,1,1413449
7290002331025,false,"מים מינרלים נביעות ספורט 500 מ""ל פקדון",נביעות טבע הגליל בעמ,IL,נביעות TO GO 500,מיליליטרים,500.00,"100 מ""ל",false,,3.90,0.0078,true,1,1413450
7290002331094,false,"נביעות+ מים טעם ענבים 755מ""ל",נביעות טבע הגליל בעמ,IL,"נביעות 755 מ""ל",מיליליטרים,755.00,"100 מ""ל",false,,6.50,0.0086,true,1,1413451
7290002331124,false,נביעות+ מים מינרליים בטעם תפוח,נביעות טבע הגליל בעמ,IL,"נביעות + תפוח 500 מ""",יחידה,0.00,יחידה,false,,6.00,0.0000,true,1,1413453
7290002331322,false,שישיית מים נביעות 1.5 ליטר,נביעות,IL,מים מינרילים נביעות,ליטרים,9.00,ליטר,false,,11.90,1.3222,true,1,1413458
7290002331360,false,"נביעות מים מינרליים טו גו מארז 500X6מ""ל",קריות זול,IL,נביעות TOGO שישייה 5,מיליליטרים,3000.00,"100 מ""ל",false,,14.90,0.0050,true,1,1413459
7290002331483,false,"שישיית נביעות אישי בייבי 320 מ""ל",נביעות טבע הגליל בעמ,IL,מים מינרלים נביעות 6,מיליליטרים,1920.00,"100 מ""ל",false,,15.70,0.0082,true,1,1413461
7290002345015,false,סינטה דק דק אל גאוצ'ו 250ג' מינוט,"טיבון ויל אחזקות בע""",IL,סינטה דקדק 250 גרם,גרמים,250.00,100 גרם,false,,27.90,0.1116,true,1,1409004
7290002345022,false,אנטריקוט דק דק אל גאצ'ו 250ג' מינוט,"טיבון ויל אחזקות בע""",IL,אנטריקוט דק דק מינוט,גרמים,250.00,100 גרם,false,,22.90,0.0916,true,1,1409005
7290002345046,false,סטייק אנטירקוט קפוא 300 ג,,,אנטריקוט דק דק 300 ג,גרמים,300.00,100 גרם,false,,29.90,0.0997,true,1,1417185
7290002345121,false,אסאדו דקדק אל גאוצ'ו 250 גרם,טיבון ויל - נטו,IL,אסאדו דקדק 250 גרם,גרמים,250.00,100 גרם,false,,26.90,0.1076,true,1,1433943
7290002345275,false,פילה דג סלמון מעושן 100 גר,,,סלמון מעושן 100 גרם,גרמים,100.00,100 גרם,false,,19.90,0.1990,true,1,1417186
7290002345282,false,נתחי פילה סלמון קפוא דלידג,דלידג,,נתחי סלמון דלידג,קילוגרמים,1.00,"ק""ג",true,,89.90,89.9000,true,1,1409007
7290002345435,false,פילה דג מרלוזה ארגנטינאי,לואוס סולימנו,AR,פילה מרלוזה ארגנטינא,קילוגרמים,1.00,"ק""ג",true,,29.90,29.9000,true,1,1434220
7290002353836,false,סרדינים רוברט בשמן זית 115 גרם,קונסרבס פורטוגל נורט,PT,סרדינים רוברט בשמן ז,גרמים,120.00,100 גרם,false,,8.90,0.0742,true,1,1409010
7290002360155,false,חליטת תה פרחי שומר פומפדור 20 שקיקים,TEEKANNE- POMPADOU,DE,חליטת שומר פומפדור 2,גרמים,40.00,100 גרם,false,,15.90,0.3975,true,1,1421186
7290002370550,false,גבינת מוצרלה 21%שומן,,,גבינת מוצרלה 21%שומן,קילוגרמים,1.00,"ק""ג",true,,55.00,55.0000,true,1,1433979
7290002370598,false,גבינת גאודה בגלגל הו,,,גבינת גאודה מהולנד 3,קילוגרמים,1.00,"ק""ג",true,,69.00,69.0000,true,1,1433983
7290002370604,false,גבינת עיזים חלב ישרא,,,גבינת עיזים חלב ישרא,קילוגרמים,1.00,"ק""ג",true,,109.00,109.0000,true,1,1433984
7290002370727,false,גבינת איבריקו רמי לו,,,גבינת איבריקו רמי לו,קילוגרמים,1.00,"ק""ג",true,,99.90,99.9000,true,1,1437090
7290002371526,false,"דקניקים, סלסולי פסטרמה שום וצי'לי פיקנטי 120 גרם",הנסיך- מפעל לייצור ט,IL,סלסולי פסטרמה שום וצ,גרמים,120.00,100 גרם,false,,14.90,0.1242,true,1,1411770
7290002371533,false,דקניקים סלסולי פסטרמה בדבש 120 ג' טירת צבי,הנסיך- מפעל לייצור ט,IL,סלסולי פסטרמה דבש 12,גרמים,120.00,100 גרם,false,,14.90,0.1242,true,1,1411771
7290002371540,false,דקניקים קורנדביף 120 ג' טירת צבי,הנסיך- מפעל לייצור ט,IL,קורנדביף 120 גרם טיר,גרמים,120.00,100 גרם,false,,14.90,0.1242,true,1,1411772
7290002371939,false,סרוולד בסגנון צרפתי דליקטיב 120 גרם,הנסיך- מפעל לייצור ט,IL,סרוולד צרפתי מ.ק. 12,גרמים,120.00,100 גרם,false,,28.90,0.2408,true,1,1411773
7290002381808,false,נר נשמה בפח 24 שעות,,CN,נר נשמה 24 שעות,יחידה,1.00,יחידה,false,,1.90,1.9000,true,1,1442889
7290002507604,false,פיצת השף מאיטליה 320 גר',האי נאם סי או אל.טי.,IT,פיצת השף שגב 320 גרם,גרמים,320.00,100 גרם,false,,16.90,0.0528,true,1,1409025
7290002511229,false,בולגרית מעודנת המושב,"מחלבת המושבה בע""מ",IL,מעדניה-בולגרית חלקה,קילוגרמים,1.00,"ק""ג",true,,46.90,46.9000,true,1,1417161
7290002511236,false,בולגרית מעודנת מושבה,"מחלבת המושבה בע""מ",IL,מעדניה-בולגרית חלקה,קילוגרמים,1.00,"ק""ג",true,,46.90,46.9000,true,1,1417162
7290002511243,false,מעדניה-בולגרית מסורת,"מחלבת המושבה בע""מ",IL,מעדניה-בולגרית מסורת,קילוגרמים,1.00,"ק""ג",true,,39.00,39.0000,true,1,1417163
7290002542780,false,"שישייה בירה סטלה ארטואה בקבוק 330X6 מ""ל",סטלה,BE,סטלה ארטואה שישיה -3,מיליליטרים,1980.00,"100 מ""ל",false,,37.90,0.0191,true,1,1440477
7290002543046,false,קלוגס פרוסטיס דגנים וסוכר 750ג',קלוג מנייופרטורינג א,ES,קלוגס פרוסטיס 750 גר,גרמים,750.00,100 גרם,false,,17.90,0.0239,true,1,1408199
7290002596677,false,מעדניה - פילה אמנון,,,מעדניה - פילה אמנון,קילוגרמים,1.00,"ק""ג",true,,30.90,30.9000,true,1,1432161
7290002603962,false,"מאפה סיגר תפו""א 600 גר רמי לוי",,,סיגרים תפוא 600 גרם,גרמים,600.00,100 גרם,false,,11.90,0.0198,true,1,1427671
7290002603986,false,פיצה מרגריטה זוג 640 גרם רמי לוי,,,פיצה מרגריטה רמי לוי,גרמים,640.00,100 גרם,false,,20.90,0.0327,true,1,1440233
7290002603993,false,פיצה מרגריטה זיתים 340 גר רמי לוי,,,פיצה מרגריטה זית רמי,גרמים,340.00,100 גרם,false,,12.90,0.0379,true,1,1440234
7290002610168,false,עוף מס 2 קפוא חתם סופר,,,עוף מס' 2 קפוא חתם ס,קילוגרמים,1.00,"ק""ג",true,,19.90,19.9000,true,1,1428327
7290002610175,false,כרעיים עוף קפוא ארוז חתם סופר,,,כרעיים עוף ארוז קפוא,קילוגרמים,1.00,"ק""ג",true,,24.90,24.9000,true,1,1428328
7290002610182,false,חזה עוף קפוא ארוז חתם סופר,,,חזה עוף ארוז קפוא חת,קילוגרמים,1.00,"ק""ג",true,,23.90,23.9000,true,1,1428329
7290002610199,false,כנפיים עוף קפוא ארוז חתם סופר,,,כנפיים עוף ארוז קפוא,קילוגרמים,1.00,"ק""ג",true,,7.90,7.9000,true,1,1428330
7290002610205,false,שוקיים עוף קפוא ארוז חתם סופר,,,שוקיים עוף ארוז קפוא,קילוגרמים,1.00,"ק""ג",true,,23.90,23.9000,true,1,1428331
7290002610212,false,ירכיים עוף קפוא ארוז חתם סופר,,,ירכיים עוף ארוז קפוא,קילוגרמים,1.00,"ק""ג",true,,21.90,21.9000,true,1,1428332
7290002610236,false,שניצל עוף פרוס ארוז קפוא חתם סופר,,,שניצל עוף פרוס ארוז,קילוגרמים,1.00,"ק""ג",true,,26.90,26.9000,true,1,1428334
7290002627135,false,פיצה איטלקית ד.גבינה 340 ג,,,פיצה אקסטרא גבינה רמ,גרמים,340.00,100 גרם,false,,12.90,0.0379,true,1,1440235
7290002627616,false,פילה אמנון דלידג 7-9,מאומינג שינזו סאיפוד,CN,מעדניה - פילה אמנון,קילוגרמים,1.00,"ק""ג",true,,30.90,30.9000,true,1,1432314
7290002627623,false,מעדניה - פילה אמנון,דלידג,,מעדניה - פילה אמנון,קילוגרמים,1.00,"ק""ג",true,,30.90,30.9000,true,1,1432627
7290002657866,false,פילה אמנון קפוא דלידג,גואנדונג יוג'יה סיפו,IL,מעדניה - פילה אמנון,קילוגרמים,1.00,"ק""ג",true,,30.90,30.9000,true,1,1429362
7290002657866,false,פילה אמנון קפוא דלידג,גואנדונג יוג'יה סיפו,IL,מעדניה - פילה אמנון,קילוגרמים,1.00,"ק""ג",true,,29.90,29.9000,true,1,1432313
7290002692782,false,"תרסיס שמן זית עץ הזית כתית ללא גז 148מ""ל",י.ב טכנולוגיות אריזה,IL,"תרסיס שמן זית ""עץ הז",מיליליטרים,150.00,"100 מ""ל",false,,15.90,0.1060,true,1,1417560
7290002706960,false,פילה דג בינתן לא מעו,נטו מלינדה,,פילה דג בינתן לא מעו,גרמים,400.00,100 גרם,false,,26.90,0.0672,true,1,1440553
7290002710110,false,מן הטבע ביצי חופש 12יח.,ביצים מן הטבע,,ביצי חופש מן הטבע 12,יחידה,12.00,יחידה,false,,16.90,1.4083,true,1,1419517
7290002715375,false,קבב יווני טיבון ויל 400 גרם,טיבון ויל אחזקות בעמ,IL,קבב יווני 400 גרם,גרמים,400.00,100 גרם,false,,19.90,0.0497,true,1,1409033
7290002735823,false,מלווח רמי לוי 700 גרם,ינון,IL,מלווח רמי לוי 700 גר,גרמים,700.00,100 גרם,false,,12.90,0.0184,true,1,1413822
7290002735847,false,בורקס גבינה רמי לוי 800 גרם,ינון,IL,רמי לוי בורקס גבינה,גרמים,800.00,100 גרם,false,,13.90,0.0174,true,1,1413824
7290002735854,false,גחנון אפוי רמי לוי 600 גרם,ינון,IL,רמי לוי ג'חנון אפוי,גרמים,600.00,100 גרם,false,,12.90,0.0215,true,1,1413825
7290002752332,false,"סוכריות מנטוס פירות בגליל, 37.5 גרם",הדקלאים אגודת שיתופי,NL,סוכריות בגליל בטעם פ,גרמים,37.50,100 גרם,false,,3.50,0.0933,true,1,1412164
7290002752349,false,סוכריות מנטוס מנטה 40יח' בגליל 38ג',פרפטי ואן מלה,NL,מנטוס מנטה 40גלילים,גרמים,37.50,100 גרם,false,,3.50,0.0933,true,1,1412165
7290002752349,false,סוכריות מנטוס מנטה 40יח' בגליל 38ג',פרפטי ואן מלה,NL,סוכריות בגליל בטעם מ,גרמים,37.50,100 גרם,false,,3.50,0.0933,true,1,1423626
7290002752493,false,רביעיה סוכריות מנטה 4* 16 ג' טיק טק,קריות זול,EC,טיק טק מנטה רביעייה,יחידה,4.00,יחידה,false,,9.90,2.4750,true,1,1433173
7290002753223,false,רביעייה סוכריות תפוז 4*16 ג' טיק טק,קריות זול,EC,טיק טק תפוז 4 רביעיי,יחידה,4.00,יחידה,false,,9.90,2.4750,true,1,1433174
7290002757139,false,מלוואח 700 גר' שלושת האופים קהילות,שלושת האופים,IL,שלושת האופים מלאווח,גרמים,700.00,100 גרם,false,,15.90,0.0227,true,1,1409034
7290002757535,false,בורקס פילו אצבעות גבינה 700 ג' שלושת האופים,שלושת האופים שגמור,IL,בורקס פילו אצבעות גב,גרמים,700.00,100 גרם,false,,21.90,0.0313,true,1,1409037
7290002757665,false,קבב מזרחי טיבון ויל 400 ג',טיבון ויל,IL,קבב מזרחי טיבון ויל,גרמים,400.00,100 גרם,false,,10.90,0.0273,true,1,1409038
7290002757672,false,המבורגר מזרחי טיבון ויל 400ג',טיבון ויל,IL,המבורגר 400 גרם,גרמים,400.00,100 גרם,false,,10.90,0.0273,true,1,1409039
7290002769347,false,עוגיות מובחרות בדלי --600-500 גרם,עוגיות הזהב,IL,עוגיות ממולאות בטעם,גרמים,600.00,100 גרם,false,,14.90,0.0248,true,1,1419954
7290002769361,false,פחזניות חלבי 280 גרם,,,פחזניות חלבי 280 גרם,גרמים,280.00,100 גרם,false,,19.90,0.0711,true,1,1432491
7290002769644,false,עוגת דבש/אגוזים 370 גר' עוגיות הזהב,,,עוגות דבש-תפוחים/אגו,גרמים,370.00,100 גרם,false,,6.90,0.0186,true,1,1419958
7290002769767,false,קצפות מובחרות אדל חלבי,דין שיווק,IL,"קצפות מובחרות ""אדל""",יחידה,1.00,יחידה,false,,37.90,37.9000,true,1,1432290
7290002769903,false,כדורי שוקולד 380 גרם,,,כדורי שוקולד 380 גרם,גרמים,380.00,100 גרם,false,,18.90,0.0497,true,1,1432291
7290002787884,false,"בורקס מקלות פילו תפו""א 3.האופים 600 ג'",שגמור,IL,מקלות בורקס פילו תפו,גרמים,600.00,100 גרם,false,,21.90,0.0365,true,1,1409041
7290002824183,false,"גבינה לבנה סקי 500 גרם 5% ""שטראוס"" -מוצר בפיקוח",מיוצר עי קונדיטוריית,IL,גבינה לבנה סקי 5% 50,גרמים,500.00,100 גרם,false,,9.95,0.0199,true,1,1405600
7290002824466,false,יוגורט דנונה ביו לבן 0% שומן 200 גרם,"שטראוס בריאות בע""מ",IL,דנונה ביו 0% 200 גרם,גרמים,200.00,100 גרם,false,,3.70,0.0185,true,1,1405601
7290002824640,false,"גבינת סקי 250 גרם 5% ""שטראוס"" -מוצר בפיקוח",מיוצר עי קונדיטוריית,IL,גבינה לבנה סקי 5% שט,גרמים,250.00,100 גרם,false,,4.98,0.0199,true,1,1405602
7290002825722,false,סלט כרוב אדום אחלה 500 גרם,מיוצר עי קונדיטוריית,IL,כרוב סגול במיונז 500,גרמים,575.00,100 גרם,false,,13.80,0.0240,true,1,1405603
7290002827306,false,נקניקיות עוף ירושלים מחפוד 400 ג',עוף ירושלים,,נקנקיות עוף 400 גרם,גרמים,400.00,100 גרם,false,,10.90,0.0273,true,1,1429247
7290002881209,false,רסק תפוחי עץ דיאט 700 ג' תומר,Geurts conservenfabr,,רסק תפוחי עץ תומר 70,גרמים,700.00,100 גרם,false,,10.90,0.0156,true,1,1407781
7290002881247,false,פרוסות אננס בסירופ ק,"אניס פארם בע""מ",VN,פרוסות אננס בסירופ ק,יחידה,0.00,יחידה,false,,10.90,0.0000,true,1,1414599
7290002881469,false,עגבניות קצוצות עם זיתים בשמן תומר 340 ג',,,עג' מיובשות בשמן עם,גרמים,340.00,100 גרם,false,,12.90,0.0379,true,1,1421021
7290002881803,false,"שמן קנולה 1 ליטר ""תומר""",,BE,שמן קנולה 1 ליטר תומ,מיליליטרים,1000.00,"100 מ""ל",false,,10.90,0.0109,true,1,1436897
7290002881919,false,"פטריות שלמות 400 גרם רובין ""תומר""",גיבונג אינדסקיאלס,,פטריות שלמות 400 גרם,גרמים,400.00,100 גרם,false,,6.90,0.0173,true,1,1407791
7290002881957,false,סרדינים מרוקאי חריף בשמן חמניות 125ג' תומר,Union des pecheries,,סרדין מרוקאי חריף 12,גרמים,125.00,100 גרם,false,,5.90,0.0472,true,1,1407794
7290002900207,false,המבורגר אמיתי 100% 400 גרם-תנובה,הנסיך- מפעל לייצור ט,IL,המבורגר אמיתי טירת צ,גרמים,400.00,100 גרם,false,,17.90,0.0447,true,1,1423179
7290002900214,false,קבב מזרחי טירת צבי 4,טיב טירת צבי 2000,IL,קבב מזרחי 450 גרם,גרמים,450.00,100 גרם,false,,17.90,0.0398,true,1,1423180
7290002900566,false,פסטרמה ברביקיו דל שומן טירת צבי 360 ג',הנסיך- מפעל לייצור ט,IL,פסטרמה ברביקיו דלת-ש,גרמים,360.00,100 גרם,false,,25.90,0.0719,true,1,1411723
7290002929499,false,מעדניה - פילה אמנון,,,מעדניה - פילה אמנון,קילוגרמים,1.00,"ק""ג",true,,30.90,30.9000,true,1,1431072
7290002966012,false,קוויאר שחור מאצות ים 100גר,,,קוויאר שחור 100 ג' ב,יחידה,0.00,יחידה,false,,14.00,0.0000,true,1,1419410
7290002966029,false,קוויאר אדום מאצות ים 120גר,,,קוויאר אדום 120 גר',יחידה,0.00,יחידה,false,,12.90,0.0000,true,1,1419411
7290002966036,false,קוויאר שחור מאצות ים 120גר,,,קוויאר שחור 120ג' בש,יחידה,0.00,יחידה,false,,12.90,0.0000,true,1,1419412
7290002986652,false,גטניו פתי בר שוקו 470 גרם,"אחים גטניו בע""מ",IL,גטניו פתי בר שוקו 47,גרמים,470.00,100 גרם,false,,10.90,0.0232,true,1,1413202
7290003000149,false,מאפה קינמון,,,מאפה קינמון,יחידה,1.00,יחידה,false,,10.00,10.0000,true,1,1437516
7290003000156,false,מאפה שקדים,,,מאפה שקדים,יחידה,1.00,יחידה,false,,10.00,10.0000,true,1,1437523
7290003000167,false,רוגלך שוקולד,,,רוגלך שוקולד,יחידה,1.00,יחידה,false,,10.00,10.0000,true,1,1438229
7290003000168,false,מאפה שוקולד,,,מאפה שוקולד,יחידה,1.00,יחידה,false,,10.00,10.0000,true,1,1438230
7290003001064,false,מעדניה - פילה אמנון,,,מעדניה - פילה אמנון,קילוגרמים,1.00,"ק""ג",true,,30.90,30.9000,true,1,1433090
7290003029181,false,משקה יטבתה שוקו' בקבוק 1ל מהדרין,שטראוס גרופ,IL,שוקו בבקבוק 2% יטבתה,מיליליטרים,1000.00,"100 מ""ל",false,,11.90,0.0119,true,1,1405608
7290003029372,false,משקה חלב בטעם בננה יטבתה 1 ליטר,שטראוס גרופ,IL,משקה חלב בננה 2% בקב,מיליליטרים,1000.00,"100 מ""ל",false,,11.90,0.0119,true,1,1405610
7290003029389,false,"משקה חלב בננה פקק ספורט 250 מ""ל יוטבתה",שטראוס גרופ,IL,משקה חלב בננה 2% פקק,מיליליטרים,250.00,"100 מ""ל",false,,5.50,0.0220,true,1,1405611
7290003029433,false,"משקה יטבתה שוקו פקק 250 מ""ל מהדרין",שטראוס גרופ,IL,שוקו יטבתה 2% פקק יט,גרמים,250.00,100 גרם,false,,5.50,0.0220,true,1,1405612
7290003029532,false,משקה מוקה יטבתה 1 ליטר מהדרין,שטראוס גרופ,IL,משקה מוקה יטבתה 1 לי,מיליליטרים,1000.00,"100 מ""ל",false,,11.90,0.0119,true,1,1405613
7290003029792,false,"משקה יטבתה שוקו שקיות מהדרין מארז 225X8מ""ל",שטראוס גרופ,IL,מארז 8 שקיות שוקו -,יחידה,8.00,יחידה,false,,19.90,2.4875,true,1,1405615
7290003029815,false,חלב יוטבתה מועשר 3% בכד 2ל',שטראוס גרופ,IL,כד 2 ליטר חלב 3%- מה,מיליליטרים,2000.00,"100 מ""ל",false,,14.90,0.0075,true,1,1405616
7290003029907,false,אייס קפה יטבתה 1 ליטר מהדרין,שטראוס גרופ,IL,אייס קפה 1 ליטר,מיליליטרים,1000.00,"100 מ""ל",false,,11.90,0.0119,true,1,1405618
7290003054657,false,חרדל ריין דיז'ון אקסטרא פורטה 370 גרם,מרום את קונפינו,FR,חרדל דיזון אקסטרא פו,גרמים,370.00,100 גרם,false,,11.90,0.0322,true,1,1408201
7290003060009,false,"קמח חיטה לבן 1 ק""ג טחנות ישראליות",טחנות ישראליות,IL,קמח חיטה לבן בהיר 1,גרמים,1000.00,100 גרם,false,,4.50,0.0045,true,1,1413203
7290003060023,false,"סולת חיטה 1 ק""ג מטחנות ישראליות",טחנות ישראליות,IL,"סולת חיטה 1 ק""ג",גרמים,1000.00,100 גרם,false,,5.90,0.0059,true,1,1413204
7290003060030,false,"קמח חיטה מלא רמילוי 1 ק""ג",טחנות ישראליות,IL,"קמח חיטה מלא 1 ק""ג",גרמים,1000.00,100 גרם,false,,6.90,0.0069,true,1,1413205
7290003060047,false,"קמח תופח 1 ק""ג מטחנות ישראליות",טחנות ישראליות,IL,"קמח תופח 1 ק""ג",גרמים,1000.00,100 גרם,false,,6.50,0.0065,true,1,1413206
7290003066056,false,"ראנד גבינה ""אדל""",,,"ראנד גבינה ""אדל""",יחידה,1.00,יחידה,false,,29.90,29.9000,true,1,1432288
7290003066070,false,סברינה ר.כ. עוגיות ה,,,סברינה ר.כ. עוגיות ה,יחידה,1.00,יחידה,false,,12.90,12.9000,true,1,1419959
7290003069682,false,בצק פילאס קפוא 500 גרם שלושת האופים,שלושת האופים שגמור,IL,בצק פילאס תורכי שלוש,גרמים,500.00,100 גרם,false,,21.90,0.0438,true,1,1409048
7290003127818,false,שקיות אשפה אחת אחת שרוך 60יח',אשפלסט,,אשפתון שרוך 60 יח' ל,יח',60.00,יח',false,,15.90,0.2650,true,1,1410280
7290003133123,false,לחם זהב עגול אוקראיני 750 ג',מאפיית דוידוביץ ובני,IL,לחם זהב עגול אוקראינ,גרמים,750.00,100 גרם,false,,12.90,0.0172,true,1,1417501
7290003133505,false,לחם שיפונטו דוידוביץ,מאפיית דוידוביץ ובני,,לחם שיפונטו 750 גרם,גרמים,750.00,100 גרם,false,,11.90,0.0159,true,1,1417503
7290003139415,false,לקקן יוגטה יוגורט פי,,,לקקן יוגטה יוגורט פי,גרמים,1800.00,100 גרם,false,,64.00,0.0356,true,1,1428930
7290003141159,false,יוגטה מרשמלו ממתק מוקצף בטעמי תות שדה ווניל 180 גרם,מוטקה החולב,IL,יוגטה מרשמלו - 180 ג,גרמים,180.00,100 גרם,false,,6.90,0.0383,true,1,1412318
7290003142859,false,לקקן יוגטה גלידה 100,,,לקקן יוגטה גלידה 100,גרמים,1800.00,100 גרם,false,,64.00,0.0356,true,1,1428933
7290003143146,false,ממרח תמרים קליית גת 450 גרם,הדקלאים אגודת שיתופי,IL,ממרח תמרים קלית גת 4,גרמים,450.00,100 גרם,false,,5.90,0.0131,true,1,1412321
7290003185726,false,קבב מזרחי טיבון ויל 500 גרם,טיבון ויל אחזקות בעמ,IL,קבב מזרחי 500 גרם,גרמים,500.00,100 גרם,false,,19.90,0.0398,true,1,1409049
7290003187843,false,עגל טחון טיבון ויל 500 גרם,מולינו ניקולי s.p.a,IL,עגל טחון טיבון ויל 5,גרמים,500.00,100 גרם,false,,29.90,0.0598,true,1,1409050
7290003220380,false,"עוגיות סנדויץ' במילוי קרם שוקולד ""מעדני המלך"" 150 גרם",אחים פפושדו,IL,מעדני המלך סנדוויץ',גרמים,150.00,100 גרם,false,,3.50,0.0233,true,1,1427889
7290003220403,false,מעדני המלך- קרקר מלוח 110 גרם,מגדנית הדר,IL,קרקר מלח מעדני מלך 1,גרמים,110.00,100 גרם,false,,3.20,0.0291,true,1,1437679
7290003220410,false,קרקר שומשום 110 ג' נאפה מעדני מלך,מגדנית הדר,IL,קרקר שומשום מעדני מל,גרמים,110.00,100 גרם,false,,3.20,0.0291,true,1,1437680
7290003220434,false,פתי פר מעדני המלך וניל 110 גרם,מגדנית הדר,IL,פתי בר וניל מעדני מל,גרמים,110.00,100 גרם,false,,2.90,0.0264,true,1,1437681
7290003220441,false,פתי בר מעדני המלך שוקו 110 גרם,מגדנית הדר,IL,פתי בר שוקו מעדני מל,גרמים,110.00,100 גרם,false,,2.90,0.0264,true,1,1437682
7290003220465,false,פתי בר שוקו' מעדני המלך 500 גר',מגדנית הדר,IL,פתי בר שוקו מעדני מל,גרמים,500.00,100 גרם,false,,8.50,0.0170,true,1,1437684
7290003220533,false,"רוטב צ'ילי מתוק ווק 700 מ""ל",תאי פרידה אינדסטרי ב,TH,רוטב צ'ילי מתוק 700,מיליליטרים,700.00,"100 מ""ל",false,,12.90,0.0184,true,1,1434039
7290003220717,false,ווק נורי סילבר 10 דפים WOK,ג'י וואן גלובול נאט,TH,אצות נורי לסושי ווק,יחידה,10.00,יחידה,false,,12.90,1.2900,true,1,1413211
7290003220779,false,"ווק אטריות אורז עובי 3 מ""מ 400 גרם",אסיאן סופירה פודס חב,TH,ווק אטריות אורז עובי,גרמים,400.00,100 גרם,false,,9.90,0.0248,true,1,1413212
7290003220786,false,"אטריות אורז ללא גלוטן 5 מ""מ 400 ג' WOK",אסיאן סופירה פודס חב,TH,ווק אטריות אורז עובי,גרמים,400.00,100 גרם,false,,9.90,0.0248,true,1,1413213
7290003220939,false,אטריות אורז דקיקות ללא גלוטן 400 ג' WOK,אסיאן סופירה פודס חב,TH,ווק אטריות אורז דקיק,גרמים,400.00,100 גרם,false,,9.90,0.0248,true,1,1413215
7290003220977,false,עוגיות חצי ירח מצופה 175 נאפה מעדני מלך,מגדנית הדר,IL,מעדני מלך ביסקוויט י,גרמים,175.00,100 גרם,false,,6.90,0.0394,true,1,1434779
7290003222070,false,פיתות מאפיית המכבים,מאפיית המכבים,IL,פיתות מאפיית המכבים,יחידה,13.00,יחידה,false,,11.90,0.9154,true,1,1441657
7290003222797,false,פיתות כוסמין המכבים,מאפיית המכבים,IL,מארז פיתה כוסמין 10י,יחידה,10.00,יחידה,false,,13.90,1.3900,true,1,1419603
7290003229109,false,פסטרמה הודו בפפריקה טירת צבי 400 גרם,הנסיך- מפעל לייצור ט,IL,א.מ. פסטר' בפפריקה 4,גרמים,400.00,100 גרם,false,,25.90,0.0647,true,1,1411724
7290003229123,false,פסטרמה הודו על גחלים 2% טירת צבי 400 גרם,הנסיך- מפעל לייצור ט,IL,פסטרמה הודו על גחלים,גרמים,400.00,100 גרם,false,,25.90,0.0647,true,1,1411776
7290003229192,false,נקניק כתף בקר מעושן 2% טירת צבי 400 גרם,טיב טירת צבי 2000,IL,נקניק כתף בקר מעושן,גרמים,400.00,100 גרם,false,,34.90,0.0872,true,1,1411778
7290003229208,false,פסטרמה ספרדית 2% טירת צבי 360 גרם,טירת- צבי,IL,פסטרמה ספרדית 2% טיר,גרמים,360.00,100 גרם,false,,25.90,0.0719,true,1,1421945
7290003229215,false,פסטרמה איטלקית 3.5% טירת צבי 360 גרם,טירת- צבי,IL,א.מ. פסטרמה איטלקית,גרמים,360.00,100 גרם,false,,25.90,0.0719,true,1,1422477
7290003321155,false,יוגורט בר עם פקאן מצופה שוקולד 183 ג' דנונה,"שטראוס בריאות בע""מ",IL,דנונה בר פקאן 183 גר,גרמים,183.00,100 גרם,false,,4.60,0.0251,true,1,1405619
7290003400500,false,חטיף הרשי ריזס נאטרייגיס 47 גרם,ליימן מותגים,US,הרשי ריזס נאטרייגס,גרמים,57.00,100 גרם,false,,4.90,0.0860,true,1,1412167
7290003402809,false,חטיף הרשי ריזס שוקולד לבן 39 גר,ליימן מותגים,US,ריזס לבן 39 גרם,גרמים,39.00,100 גרם,false,,4.90,0.1256,true,1,1412168
7290003423909,false,חטיף הרשי קוקיס קרם לבן 43 גרם,ליימן מותגים,US,הרשי חטיף שוקולד לבן,גרמים,45.00,100 גרם,false,,5.00,0.1111,true,1,1412169
7290003427154,false,"שמן זית כתית מעולה טעם מעודן זיתא 750 מ""ל",זיתא – י.ט.ב תעשיות,IL,שמן זית זייתא כתית מ,מיליליטרים,750.00,"100 מ""ל",false,,32.90,0.0439,true,1,1406667
7290003432004,false,חטיף קוקוס אלמונד ג'וי 45גר,הרשיז,US,"אלמונד ג""וי חטיף קוק",גרמים,45.00,100 גרם,false,,4.90,0.1089,true,1,1429757
7290003438006,false,ממרח אולביה פסטו וצנובר איטלקי 190ג',מיוצר עי קונדיטוריית,IL,ממרח פסטו איטלקי אול,גרמים,180.00,100 גרם,false,,13.90,0.0772,true,1,1408854
7290003444009,false,חטיף הרשי ריזס שוקולד חלב 42 גר,ליימן מותגים,US,ריזס שוקולד חלב במיל,גרמים,42.00,100 גרם,false,,4.90,0.1167,true,1,1412170
7290003450602,false,חרדל אמיתי צהוב בקבוק לחיץ 255 גר,היינץ צפון אמריקה מקבוצת ה.י.היינץ,US,חרדל צהוב בבקבוק לחי,גרמים,255.00,100 גרם,false,,8.90,0.0349,true,1,1414445
7290003521074,false,"ד""ר פישר - סרקל מרכך שיער לילדים 1 ליטר",הדקלאים אגודת שיתופי,IL,מרכך שיער לילדים סרק,מיליליטרים,1000.00,"100 מ""ל",false,,29.90,0.0299,true,1,1417053
7290003521081,false,"סרקל שמפו אל דמע לילדים ד""ר פישר 1 ליטר","ד""ר פישר Dr fischer",IL,"שמפו לילדים סרקל ד""ר",מיליליטרים,1000.00,"100 מ""ל",false,,29.90,0.0299,true,1,1417054
7290003550753,false,טונה פוסידון בשמן רביעיה *108 ג',"מיוצר עי וליגר בעמ,",IL,נתחי טונה בהירה בשמן,גרמים,432.00,100 גרם,false,,20.90,0.0484,true,1,1409054
7290003569021,false,כרובית ארוזה יח' רמי לוי,,,כרובית,יח',1.00,יח',false,,9.90,9.9000,true,1,1406416
7290003578108,false,חתיכות אננס בסירופ קל וילי פוד 850 גרם,קריות זול,TH,אננס חתוך 850 גרם,גרמים,850.00,100 גרם,false,,8.90,0.0105,true,1,1408376
7290003578160,false,נתחי טונה בהירה במי מלח וילי פוד 160 גר,טרופיקל,TH,נתחי טונה בהירה במים,גרמים,160.00,100 גרם,false,,4.90,0.0306,true,1,1408378
7290003578177,false,תירס צעיר שלם וילי פוד 210 גרם,מגסטיק פוד אידסטרי ק,TH,תירס גמדי 410 גרם,גרמים,410.00,100 גרם,false,,6.90,0.0168,true,1,1408379
7290003578290,false,וילי פוד מקלוני אורז בדץ 300ג,פוגיאן לונגהאי אנליד,CN,מקלוני אורז 300 גרם,גרמים,300.00,100 גרם,false,,6.90,0.0230,true,1,1408381
7290003578672,false,ויליפוד שמן חמניות 1 ליטר{בית יוסף},וילי פוד,TR,שמן חמניות מזוכך ויל,מיליליטרים,1000.00,"100 מ""ל",false,,13.90,0.0139,true,1,1408385
7290003632442,false,מעדניה - פילה אמנון,,,מעדניה - פילה אמנון,קילוגרמים,1.00,"ק""ג",true,,30.90,30.9000,true,1,1432957
7290003643004,false,"סוגת אורז בסמטי קלאסי 1 ק""ג",האי נאם סי או אל.טי.,IL,אורז בסמטי קלאסי סוג,גרמים,1000.00,100 גרם,false,,13.90,0.0139,true,1,1413218
7290003643387,false,"סוכר לבן בצנצנת 1 ק""ג סוגת",האי נאם סי או אל.טי.,IL,סוכר לבן בצנצנת סוגת,גרמים,1000.00,100 גרם,false,,7.90,0.0079,true,1,1413219
7290003643646,false,"סוכר דמררה קלאסי בצנצנת סוגת 1 ק""ג",האי נאם סי או אל.טי.,IL,סוכר דמררה בצנצנת סו,גרמים,1000.00,100 גרם,false,,12.90,0.0129,true,1,1413220
7290003643707,false,סוגת גריסים 500 גרם,"סוגת תעשיות בע""מ",IL,גריסים סוגת 500 גרם,גרמים,500.00,100 גרם,false,,5.90,0.0118,true,1,1413222
7290003643714,false,חומוס גרגירים 500 גרם סוגת,האי נאם סי או אל.טי.,IL,חומוס יבש סוגת 500 ג,גרמים,500.00,100 גרם,false,,7.90,0.0158,true,1,1413223
7290003643738,false,סוגת חיטה 500 גרם,האי נאם סי או אל.טי.,IL,חיטה סוגת 500 גרם,גרמים,500.00,100 גרם,false,,5.90,0.0118,true,1,1413224
7290003643745,false,סוגת כוסמת 500 גרם,האי נאם סי או אל.טי.,IL,כוסמת סוגת 500 גרם,גרמים,500.00,100 גרם,false,,7.90,0.0158,true,1,1413225
7290003643752,false,עדשים ירוקים יבש סוגת 500 גר',האי נאם סי או אל.טי.,IL,עדשים ירוקות סוגת 50,גרמים,500.00,100 גרם,false,,7.90,0.0158,true,1,1413226
7290003643769,false,עדשים אדומים יבש סוגת 500 גר',"סוגת תעשיות בע""מ",IL,עדשים אדומות סוגת 50,גרמים,500.00,100 גרם,false,,7.90,0.0158,true,1,1413227
7290003643776,false,"פופקורן גרעינים סוגת 500 ג' כשל""פ",האי נאם סי או אל.טי.,IL,פופקורן סוגת 500 גרם,גרמים,500.00,100 גרם,false,,5.90,0.0118,true,1,1413228
7290003643806,false,שעועית לבנה יבשה סוגת 500 ג',האי נאם סי או אל.טי.,IL,שעועית לבנה יבשה סוג,גרמים,500.00,100 גרם,false,,11.90,0.0238,true,1,1413230
7290003643813,false,שעועית אדומה יבשה סוגת 500 גר',האי נאם סי או אל.טי.,IL,שעועית אדומה סוגת 50,גרמים,500.00,100 גרם,false,,10.90,0.0218,true,1,1413231
7290003726592,false,טופו מתובל בפסטו במרקם קלאסי,משק וואיילר,IL,טופו ויילר 300 גרם ב,גרמים,300.00,100 גרם,false,,10.90,0.0363,true,1,1429416
7290003726615,false,"טופו ויילר 300 גרם ""שטראוס""",הדקלאים אגודת שיתופי,IL,טופו ויילר 300 גרם,גרמים,300.00,100 גרם,false,,10.90,0.0363,true,1,1405621
7290003807178,false,"רוטב קנור סויה בסגנון סיני 300 מ""ל",אתר חיפה 778 - Food,IL,רוטב סויה בסגנון סינ,מיליליטרים,300.00,"100 מ""ל",false,,10.90,0.0363,true,1,1409712
7290003864478,false,סרדינים בשמן צמחי ויליפוד 110ג' פתח קל,גולדן פרייז קאנינג א,TH,סרדין בשמן צמחי 110,גרמים,110.00,100 גרם,false,,5.90,0.0536,true,1,1408391
7290003864492,false,סרדינים בשמן צמחי חריף פתח קל ויליפוד 110ג',גולדן פרייז קאנינג א,TH,סרדין בשמן צמחי חריף,גרמים,110.00,100 גרם,false,,5.90,0.0536,true,1,1408393
7290003882922,false,עלי גפן ממולאים באורז וילי פוד 360 גרם,הזה פלאקספו פוד קו ב,CN,עלי גפן ממולא 400 גר,גרמים,400.00,100 גרם,false,,9.50,0.0238,true,1,1408396
7290003893539,false,מעדניה - פילה אמנון,,,מעדניה - פילה אמנון,קילוגרמים,1.00,"ק""ג",true,,30.90,30.9000,true,1,1431073
7290003903771,false,קפה נמס קפוצ'ינו רגיל 200 ג',שטראס קפה בי.וי,IL,קפוצ'ינו פחית 200 גר,גרמים,200.00,100 גרם,false,,23.90,0.1195,true,1,1416474
7290003989096,false,סלט חצילים פיקנטי אחלה 500 גרם,מיוצר עי קונדיטוריית,IL,חציל פיקנטי 500,גרמים,575.00,100 גרם,false,,15.90,0.0277,true,1,1405622
7290003989539,false,לורנצו רביולי במילוי גבינה,מיוצר עי קונדיטוריית,IL,רביולי גבינה 400 גרם,גרמים,400.00,100 גרם,false,,19.90,0.0497,true,1,1405623
7290004011338,false,"ספריי קצפת מתוקה מוכנה ריץ' 250 מ""ל",האי נאם סי או אל.טי.,IT,ריצ' קצפת חלבי,מיליליטרים,250.00,"100 מ""ל",false,,14.90,0.0596,true,1,1409059
7290004011796,false,קבבונים בקר קפוא אל גאוצ''ו 400ג',"טיבון ויל אחזקות בע""",IL,קבבונים המבורגר טיבו,גרמים,400.00,100 גרם,false,,22.90,0.0572,true,1,1436909
7290004011819,false,המבורגר ריב אנטריקוט אל גאוצ'ו 360 גרם,האי נאם סי או אל.טי.,IL,המבורגר ריב אנטריקוט,גרמים,360.00,100 גרם,false,,22.90,0.0636,true,1,1409063
7290004011826,false,מיני המבורגר ריב אנטריקוט,טיבון ויל אחזקות בעמ,IL,מיני המבורגר ריב אנט,גרמים,320.00,100 גרם,false,,22.90,0.0716,true,1,1409064
7290004014407,false,סוכריות M&M בוטנים 46 ג',מרס נדרלנד,US,M&M's חמאת בוטנים אר,גרמים,46.00,100 גרם,false,,4.90,0.1065,true,1,1417640
7290004034641,false,קציצות מתובלות לאש 4,,,קציצות מתובלות לאש 4,גרמים,400.00,100 גרם,false,,25.90,0.0647,true,1,1433811
7290004043108,false,אמ&אמס אריזה בינונית,מרס,US,M&M's שוקולד אריזה ב,גרמים,89.00,100 גרם,false,,6.90,0.0775,true,1,1417641
7290004048518,false,מעדניה - פילה אמנון,,,מעדניה - פילה אמנון,קילוגרמים,1.00,"ק""ג",true,,30.90,30.9000,true,1,1431317
7290004048518,false,מעדניה - פילה אמנון,,,מעדניה - פילה אמנון,קילוגרמים,1.00,"ק""ג",true,,29.90,29.9000,true,1,1431074
7290004048525,false,פילה אמנון דלידג 5-7,דלידג,IL,מעדניה - פילה אמנון,קילוגרמים,1.00,"ק""ג",true,,30.90,30.9000,true,1,1409065
7290004048532,false,מעדניה - פילה אמנון,,,מעדניה - פילה אמנון,קילוגרמים,1.00,"ק""ג",true,,30.90,30.9000,true,1,1431075
7290004063016,false,מלח שולחן -מוצר בפיקוח,האי נאם סי או אל.טי.,IL,"מלח שולחן דק 1 ק""ג",גרמים,1000.00,100 גרם,false,,1.90,0.0019,true,1,1413138
7290004063016,false,מלח שולחן -מוצר בפיקוח,האי נאם סי או אל.טי.,IL,"מלח שולחן דק 1 ק""ג",גרמים,1000.00,100 גרם,false,,1.90,0.0019,true,1,1413232
7290004064099,false,מטחנה מלח מהרי ההימלאיה 250 ג מלח הארץ,חברת מלח הארץ אילת ב,IL,מלח הימלאיה במטחנה 3,גרמים,300.00,100 גרם,false,,16.90,0.0563,true,1,1432304
7290004068028,false,"יוגורט צזיקי לשתיה 3.5% 500 מ""ל רובין",מיוצר על ידי קוד יצר,IL,משקה ציזיקי גד 500 מ,מיליליטרים,500.00,"100 מ""ל",false,,9.90,0.0198,true,1,1413757
7290004068035,false,"איירן יוגורט לשתייה 3% גד 500 מ""ל","מיוצר ע""י קוד יצרן M",IL,יוגורט איירן 3% 500,מיליליטרים,500.00,"100 מ""ל",false,,8.50,0.0170,true,1,1413758
7290004068172,false,"יוגורט עיזים בדלי 5% 600 מ""ל רובין",קוד יצרן MKN,IL,יוגורט עיזים בדלי 5%,גרמים,600.00,100 גרם,false,,17.90,0.0298,true,1,1413759
7290004078270,false,נוזל לניקוי כלים בריח לימון פלמוליב 1 ליטר,יבואן ומשווק: ש. שסט,GR,נוזל לניקוי כלים 18%,מיליליטרים,1000.00,"100 מ""ל",false,,14.50,0.0145,true,1,1414201
7290004119928,false,קרלו מעדן וניל רביעיות גביע 125 1.5%,מחלבת אלון תבור,IL,מעדן קרלו וניל 3% 12,מיליליטרים,125.00,"100 מ""ל",false,,2.90,0.0232,true,1,1411441
7290004119973,false,קרלו מעדן שוקו רביעיה גביע 125 1.5%,תנובה מרכז שיתופי לש,IL,קרלו שוקולד 125 גרם,גרמים,125.00,100 גרם,false,,2.90,0.0232,true,1,1411314
7290004120108,false,יופלה דיאט יוגורט דובדבן %0 גביע 150גרם,תנובה מרכז שיתופי לש,IL,יופלה דיאט יוגורט דו,גרמים,150.00,100 גרם,false,,5.00,0.0333,true,1,1411315
7290004120573,false,פיראוס 16% גבינה בולגרית 250 גרם,תנובה מרכז שיתופי לש,IL,פיראוס בולגרית גביע,גרמים,250.00,100 גרם,false,,22.90,0.0916,true,1,1411447
7290004120634,false,גבינה פיראוס בולגרית 5% 250 גרם,תנובה מרכז שיתופי לש,IL,גבינה בולגרית 5% פיר,גרמים,250.00,100 גרם,false,,22.90,0.0916,true,1,1411448
7290004121525,false,יופלה מאגדת פרי 4 תות 4 אפרסק 3% 8 יח'*150 ג',תנובה מרכז שיתופי לש,IL,מאגדת 8 יופלה 3% אפר,גרמים,1200.00,100 גרם,false,,29.90,0.0249,true,1,1411451
7290004122119,false,פתיתי פרמזן 23% לפסטה השף הלבן 100 גרם,פ.פ.ח. שאביט,IL,פתיתי פרמזן מגורדת 2,גרמים,100.00,100 גרם,false,,12.10,0.1210,true,1,1411320
7290004122119,false,פתיתי פרמזן 23% לפסטה השף הלבן 100 גרם,פ.פ.ח. שאביט,IL,פתיתי פרמזן מגורדת 2,גרמים,100.00,100 גרם,false,,12.10,0.1210,true,1,1429148
7290004122195,false,"גבינת גוש חלב פרוס 28%, כשרות מהדרין, 200 ג'",תנובה חלב,IL,גוש חלב פרוס 200 גרם,גרמים,200.00,100 גרם,false,,13.80,0.0690,true,1,1411455
7290004122270,false,עמק קלאסית פרוסות גבינה חצי קשה 28% 200 גרם,תנובה מרכז שיתופי לש,IL,גבינה עמק פרוס 28% ב,גרמים,200.00,100 גרם,false,,15.90,0.0795,true,1,1411456
7290004122348,false,גבינת עמק לייט פרוס בקופסא 200 גרם,תנובה מרכז שיתופי לש,IL,עמק לייט פרוס 9% 200,גרמים,200.00,100 גרם,false,,16.60,0.0830,true,1,1411457
7290004122683,false,עמק חטיף אצבעות גבינה חצי קשה 28% שומן,תנובה מרכז שיתופי לש,IL,עמק אצבעות גבינה 28%,גרמים,172.00,100 גרם,false,,16.40,0.0953,true,1,1411459
7290004124205,false,יופלה דיאט יוגורט תות %0 גביע 150 גרם,תנובה מרכז שיתופי לש,IL,יופלה דיאט יוגורט תו,גרמים,150.00,100 גרם,false,,5.00,0.0333,true,1,1411463
7290004124847,false,"קצפת צמחית השף הלבן 500 מ""ל תנובה",תנובה מרכז שיתופי לש,IL,קצפת צמחית 20% השף ה,מיליליטרים,500.00,"100 מ""ל",false,,15.90,0.0318,true,1,1411464
7290004125370,false,"שמנת חמוצה 9 % מופחתת שומן 200 מ""ל",תנובה מרכז שיתופי לש,IL,שמנת חמוצה 9% תנובה,גרמים,200.00,100 גרם,false,,3.70,0.0185,true,1,1411466
7290004125400,false,"אשל שלי מהדרין 200 מ""ל 4.5% ""תנובה""- מוצר בפיקוח",פארייפאבה אגרואינדוס,IL,שלי אשל 4.5% תנובה 2,מיליליטרים,200.00,"100 מ""ל",false,,1.69,0.0084,true,1,1411467
7290004125417,false,"גיל 3% שלי 200 מ""ל ""תנובה"" -מוצר בפיקוח",תנובה מרכז שיתופי לש,IL,שלי גיל 3% תנובה 200,מיליליטרים,200.00,"100 מ""ל",false,,1.51,0.0076,true,1,1411468
7290004125455,false,"שמנת חמוצה 200 מ""ל 15% ""תנובה"" -מוצר בפיקוח",תנובה מרכז שיתופי לש,IL,שמנת אורגינל 15% תנו,מיליליטרים,200.00,"100 מ""ל",false,,2.40,0.0120,true,1,1411469
7290004125462,false,"שמנת אורגינל 15% מהדרין 500 מ""ל",תנובה מרכז שיתופי לש,IL,שמנת 500 15%,גרמים,500.00,100 גרם,false,,5.70,0.0114,true,1,1411323
7290004125509,false,"שמנת 15% חצי מנה 100 מ""ל תנובה",תנובה מרכז שיתופי לש,IL,שמנת חמוצה 15% תנובה,מיליליטרים,100.00,"100 מ""ל",false,,1.70,0.0170,true,1,1411470
7290004125578,false,משקה סויה מעושר בסידן תנובה 1ל',תנובה מרכז שיתופי לש,IL,משקה סויה מועשר בסיד,מיליליטרים,1000.00,"100 מ""ל",false,,10.90,0.0109,true,1,1411471
7290004125585,false,משקה סויה וניל תנובה E אלטרנטיב,תנובה מרכז שיתופי לש,IL,משקה סויה בטעם וניל,מיליליטרים,1000.00,"100 מ""ל",false,,10.90,0.0109,true,1,1411472
7290004125721,false,"השף הלבן שמנת עמידה לבישול 15% תנובה 250 מ""ל",תנובה מרכז שיתופי לש,IL,שמנת לבישול 15% השף,מיליליטרים,250.00,"100 מ""ל",false,,8.10,0.0324,true,1,1411474
7290004125738,false,שמנת מתוקה להקצפה32% 250מל עמיד השף הלבן,תנובה מרכז שיתופי לש,IL,שמנת מתוקה להקצפה 32,מיליליטרים,250.00,"100 מ""ל",false,,6.20,0.0248,true,1,1411475
7290004125776,false,גבינה צהובה עמק 28% 400 גרם בקופסא,תנובה חלב,IL,עמק גבינה צהובה פרוס,גרמים,400.00,100 גרם,false,,27.80,0.0695,true,1,1411476
7290004126674,false,טל העמק פרוסות גבינה חצי קשה לייט %9 200 גרם בקופסא,תנובה מרכז שיתופי לש,IL,טל העמק פרוס 9% 200,גרמים,200.00,100 גרם,false,,18.80,0.0940,true,1,1411478
7290004126872,false,משקאות חלב תנובה שוקו בקבוק 250מל,תנובה חלב,IL,שוקו תנובה בבקבוק 25,מיליליטרים,250.00,"100 מ""ל",false,,5.70,0.0228,true,1,1411326
7290004126872,false,משקאות חלב תנובה שוקו בקבוק 250מל,תנובה חלב,IL,שוקו תנובה בבקבוק 25,מיליליטרים,250.00,"100 מ""ל",false,,5.70,0.0228,true,1,1411480
7290004127077,false,קוטג תנובה 3% גביע 250 גרם מהדרין,מיוצר עי קונדיטוריית,IL,גבינת קוטג' 3% תנובה,גרמים,250.00,100 גרם,false,,5.70,0.0228,true,1,1411481
7290004127329,false,קוטג תנובה גביע 250 גרם %5 ו.מהדרין,מיוצר עי קונדיטוריית,IL,גבינת קוטג' 5% תנובה,גרמים,250.00,100 גרם,false,,5.70,0.0228,true,1,1411327
7290004127336,false,קוטג תנובה גביע 250 גרם %9 ו.מהדרין,מיוצר עי קונדיטוריית,IL,גבינת קוטג' 9% תנובה,גרמים,250.00,100 גרם,false,,5.70,0.0228,true,1,1411482
7290004127800,false,"גבינה לבנה 500 גרם 5% ""תנובה"" -מוצר בפיקוח",מיוצר עי קונדיטוריית,IL,גבינה לבנה תנובה 5%,גרמים,500.00,100 גרם,false,,9.95,0.0199,true,1,1411483
7290004127817,false,גבינה לבנה 9% שומן 500 ג' תנובה,מיוצר עי קונדיטוריית,IL,גבינה לבנה תנובה 9%,גרמים,500.00,100 גרם,false,,9.95,0.0199,true,1,1411484
7290004127862,false,"גבינה לבנה 750 גרם 5% ""תנובה"" - מוצר בפיקוח",תנובה מרכז שיתופי לש,IL,גבינה לבנה למריחה 5%,גרמים,750.00,100 גרם,false,,14.25,0.0190,true,1,1411485
7290004128432,false,פתיתים מיוחדים לפיצה על בסיס גבינה 500 ג',תנובה חלב,IL,פתיתי לפיצה 500 גרם,גרמים,500.00,100 גרם,false,,22.90,0.0458,true,1,1425919
7290004129101,false,גבינת שמנת 25% בטעם טבעי 225 ג' נפוליאון,תנובה מרכז שיתופי לש,IL,גבינת שמנת 25% בטעם,גרמים,225.00,100 גרם,false,,13.90,0.0618,true,1,1438402
7290004129156,false,גבינת שמנת25% עם שום שמיר 225 ג' נפוליאון,תנובה מרכז שיתופי לש,IL,נפוליאון שום שמיר 22,גרמים,225.00,100 גרם,false,,13.90,0.0618,true,1,1411330
7290004129767,false,"3% 'יופלה לבן מארז שמינייה 1.2 ק""ג",מחלבת אלון תבור,IL,יוגורט לבן 3% יופלה,מיליליטרים,1200.00,"100 מ""ל",false,,17.30,0.0144,true,1,1429142
7290004130794,false,משקה סויה טבעי במתיקות מופחתת 1 ליטר,תנובה מרכז שיתופי לש,IL,משקה סויה טבעי במתיק,מיליליטרים,1000.00,"100 מ""ל",false,,9.90,0.0099,true,1,1411494
7290004131074,false,"חלב 1 ליטר 3% קרטון ""תנובה""- מוצר בפיקוח",תנובה מרכז שיתופי לש,IL,חלב קרטון 3% תנובה 1,מיליליטרים,1000.00,"100 מ""ל",false,,6.23,0.0062,true,1,1411496
7290004131432,false,יוגורט ביו 3% שומן 200 ג' יופלה,מיוצר עי קונדיטוריית,IL,יופלה לבן 3% גביע 20,גרמים,200.00,100 גרם,false,,4.00,0.0200,true,1,1411336
7290004131814,false,גבינה צפתית 5% מעודנת 200 ג' פיראוס,פארייפאבה אגרואינדוס,IL,צפתית מעודנת,קילוגרמים,1.00,"ק""ג",false,,14.60,14.6000,true,1,1411339
7290004132552,false,משקה סויה לייט בטעם טבעי טרי 1 ליטר,תנובה מרכז שיתופי לש,IL,משקה סויה לייט בטעם,מיליליטרים,1000.00,"100 מ""ל",false,,10.90,0.0109,true,1,1411503
7290004132712,false,חטיף אצבעות גבינת מוצרלה 20% 172 ג' עמק,תנובה מרכז שיתופי לש,IL,עמק אצבעות מוצרלה תנ,גרמים,174.00,100 גרם,false,,16.40,0.0943,true,1,1411504
7290004132903,false,גבינה לבנה 3% מהדרין תנובה 250 גרם,תנובה מרכז שיתופי לש,IL,גבינה לבנה 3% 250 גר,גרמים,250.00,100 גרם,false,,4.98,0.0199,true,1,1411505
7290004135225,false,מעדן חלב דל קלוריות בטעם שוקולד 0.2שומ,תנובה מרכז שיתופי לש,IL,מעדן דיאט 0% שוקולד,מיליליטרים,150.00,"100 מ""ל",false,,4.00,0.0267,true,1,1411513
7290004135324,false,פיראוס בולגרית מעודנ,תנובה מרכז שיתופי לש,IL,בולגרית פיראוס 5% תנ,קילוגרמים,1.00,"ק""ג",true,,49.00,49.0000,true,1,1411345
7290004135614,false,גבינה בולגרית מעודנת 5% 250 ג' פיראוס,תנובה חלב,IL,גבינה בולגרית מעודנת,גרמים,250.00,100 גרם,false,,21.90,0.0876,true,1,1411515
7290004136598,false,מארז הפסקת אוכל עם קורנפלקס ומשקה חלב עמיד בטעם וניל,פארייפאבה אגרואינדוס,IL,מארז הפסקת אוכל חלב,גרמים,150.00,100 גרם,false,,9.50,0.0633,true,1,1411348
7290004136598,false,מארז הפסקת אוכל עם קורנפלקס ומשקה חלב עמיד בטעם וניל,פארייפאבה אגרואינדוס,IL,מארז הפסקת אוכל חלב,גרמים,150.00,100 גרם,false,,9.50,0.0633,true,1,1411519
7290004136857,false,ג'לי תנובה פטל 125 גרם,תנובה מרכז שיתופי לש,IL,ג'לי בטעם פטל 125,גרמים,125.00,100 גרם,false,,2.60,0.0208,true,1,1411520
7290004136864,false,מעדן ג'לי בטעם אננס עם חתיכות תנובה 125 גרם,תנובה חלב,IL,ג'לי אננס עם חתיכות,גרמים,125.00,100 גרם,false,,2.80,0.0224,true,1,1411521
7290004136871,false,מעדן ג'לי בטעם אפרסק עם חתיכות תנובה 125 גרם,תנובה מרכז שיתופי לש,IL,ג'לי אפרסק עם חתיכות,גרמים,125.00,100 גרם,false,,2.80,0.0224,true,1,1411522
7290004137021,false,"שמנת לבישול 10% עמיד השף הלבן 250 מ""ל",תנובה מרכז שיתופי לש,IL,שמנת עמידה לבישול 10,מיליליטרים,250.00,"100 מ""ל",false,,8.00,0.0320,true,1,1411349
7290004137311,false,עמק לייט משפחתית 9% 400ג-ועדת מהדרין,תנובה חלב,IL,עמק לייט משפחתי 9% 4,גרמים,400.00,100 גרם,false,,29.90,0.0747,true,1,1411350
7290004137809,false,פיראוס לאבנה 5% גביע 250 גרם,"תנובה, מחלבת אלון תב",IL,פיראוס לאבנה 5% גביע,גרמים,250.00,100 גרם,false,,12.50,0.0500,true,1,1411523
7290004219819,false,קומפלטה מלבין קפה הולנדי 200ג,פריזלנד פודס קיוויט,NL,מלבין קפה הולנדי ויל,גרמים,200.00,100 גרם,false,,11.90,0.0595,true,1,1408398
7290004225285,false,גבינה בסגנון דנאבלו 100 ג',האי נאם סי או אל.טי.,DK,גבינה בסגנון דנאלבו,גרמים,100.00,100 גרם,false,,11.90,0.1190,true,1,1408927
7290004225285,false,גבינה בסגנון דנאבלו 100 ג',האי נאם סי או אל.טי.,DK,גבינה בסגנון דנאלבו,גרמים,100.00,100 גרם,false,,11.90,0.1190,true,1,1409067
7290004228354,false,מעדניה - פילה אמנון,,,מעדניה - פילה אמנון,קילוגרמים,1.00,"ק""ג",true,,30.90,30.9000,true,1,1431078
7290004256555,false,מוצרלה,,,מוצרלה,קילוגרמים,1.00,"ק""ג",true,,39.90,39.9000,true,1,1431543
7290004323882,false,טחון הודו אדום 500 גרם,טיבון ויל,IL,הודו אדום טחון 500 ג,גרמים,500.00,100 גרם,false,,14.90,0.0298,true,1,1409085
7290004324605,false,גבינה מותכת למריחה בטעם רוקפור 7% מון בלאן 120 ג',האי נאם סי או אל.טי.,IL,מון בלאן רוקפור 120,גרמים,120.00,100 גרם,false,,11.40,0.0950,true,1,1409088
7290004492762,false,נשנושים תירס ב.בייגל 325 ג',אתר בייגל - Food,IL,נשנושים בטעם תירס 32,גרמים,325.00,100 גרם,false,,12.90,0.0397,true,1,1409721
7290004494131,false,יין דלתון קברנה סוביניון גליל,"איי, בי, אינבוו",IL,יין אדום קברנה סובינ,מיליליטרים,750.00,"100 מ""ל",false,,59.90,0.0799,true,1,1428911
7290004554798,false,"שלגון מטרה פטל,לימון וענבים","מיוצר ע"" גלידת שטראו",IL,מטרה,יחידה,1.00,יחידה,false,,5.90,5.9000,true,1,1416795
7290004584351,false,גבינה לבנה סימפוניה עם תוספות 200 ג' חמישית 200,"שטראוס בריאות בע""מ",IL,גבינה במרקם שמנת סימ,גרמים,200.00,100 גרם,false,,11.00,0.0550,true,1,1405626
7290004584528,false,יוגורט דנונה ביו לבן 1.7% שומן 200 גרם,מיוצר עי קונדיטוריית,IL,דנונה ביו 1.7% 200 ג,גרמים,200.00,100 גרם,false,,3.70,0.0185,true,1,1405627
7290004585907,false,דני ועדן וניל 1.5% 125ג' שטראוס,מיוצר עי קונדיטוריית,IL,דני מעדן חלב בטעם ונ,גרמים,125.00,100 גרם,false,,2.70,0.0216,true,1,1405628
7290004603175,false,מלח הארץ מלחייה גס 500 גרם,תעשיות מלח לישראל,IL,מלח הים האדום 500 גר,גרמים,500.00,100 גרם,false,,7.90,0.0158,true,1,1406673
7290004658953,false,יין סוביניון בלאן פרייבט קולקשן יקבי כרמל,"כד בני דרום בע""מ",IL,יין סוביניון בלאן 75,מיליליטרים,750.00,"100 מ""ל",false,,39.90,0.0532,true,1,1417001
7290004731472,false,"אל סבון צבעוני כיף שלישיה* 500 מ""ל",טרופיקל דגיל תעשיות,IL,אל סבון צבעוני כיף 3,מיליליטרים,1500.00,"100 מ""ל",false,,19.90,0.0133,true,1,1410087
7290004737900,false,"חלב מרוכז וממותק בתוספת שומן צמחי וילי פוד 397 מ""ל",יו.איי.בי מאריג'אמפו,LT,חלב מרוכז ממותק 397,גרמים,397.00,100 גרם,false,,10.90,0.0275,true,1,1408402
7290004861025,false,גבינה בולגרית המושבה,"מחלבת המושבה בע""מ",IL,מעדניה - בולגרית מסו,קילוגרמים,1.00,"ק""ג",true,,46.90,46.9000,true,1,1417167
7290005113123,false,"חרוזית שחור A2יבנה בד""ץ 600ג'",קבוצת יבנה,IL,זיתים מושחרים נטולי,גרמים,540.00,100 גרם,false,,11.90,0.0220,true,1,1413234
7290005113222,false,זיתים קוקטייל וגמבה יבנה 350ג',קבוצת יבנה,IL,זיתים מיקס יבנה 540,גרמים,540.00,100 גרם,false,,9.80,0.0181,true,1,1432259
7290005174513,false,סלט חצילים במיונז אחלה 500 גרם,מיוצר עי קונדיטוריית,IL,חצילים במיונז 500 ג,גרמים,500.00,100 גרם,false,,15.90,0.0318,true,1,1405629
7290005174551,false,סלט חומוס עם צנוברים 125 ג' אחלה,מיוצר עי קונדיטוריית,IL,סלט חומוס יום יום אח,גרמים,125.00,100 גרם,false,,4.90,0.0392,true,1,1405630
7290005174568,false,סלט חצילים במיונז אחלה 125 גרם,מיוצר עי קונדיטוריית,IL,סלט חצילים במיונז יו,גרמים,125.00,100 גרם,false,,4.90,0.0392,true,1,1405631
7290005174575,false,טחינה אחלה יום יום משובחת 125ג',מיוצר עי קונדיטוריית,IL,סלט טחינה יום יום אח,גרמים,125.00,100 גרם,false,,4.90,0.0392,true,1,1405632
7290005200786,false,תפוצ'יפס בטעם שמנת בצל עלית 50 גרם,"שטראוס פריטו ליי בע""",IL,תפוציפס שמנת ובצל 50,גרמים,50.00,100 גרם,false,,4.00,0.0800,true,1,1406139
7290005201455,false,קפה נמס מגורען עלית 200 גרם,"אינסטנטה בע""מ",PL,קפה נמס מגורען ארומה,גרמים,200.00,100 גרם,false,,21.90,0.1095,true,1,1416482
7290005287206,false,טונה סטארקיסט רביעיות בשמן 492 גרם,"סטארקיסט פודור בע""מ",IL,טונה סטארקיסט בשמן 4,גרמים,640.00,100 גרם,false,,24.90,0.0389,true,1,1408205
7290005287251,false,טונה סטארקיסט במים רביעיות 4*160 גר,"סטארקיסט פודור בע""מ",IL,נתחי טונה סטארקיסט ב,גרמים,640.00,100 גרם,false,,24.90,0.0389,true,1,1408206
7290005287657,false,"ממרח טונה סטארקיסט בד""צ 160 גרם","סטארקיסט פודור בע""מ",IL,ממרח טונה 160 גרם,גרמים,160.00,100 גרם,false,,6.90,0.0431,true,1,1408212
7290005296246,false,"פותח סתימות דריין אאוט 946 מ""ל יעקבי",יוליניבר,US,פותח סתימות דריין אא,מיליליטרים,96.00,"100 מ""ל",false,,29.90,0.3115,true,1,1438511
7290005311444,false,בייגל ביס,,,בייגל ביס,יחידה,1.00,יחידה,false,,8.00,8.0000,true,1,1441890
7290005326585,false,ממרח אוליביה פסטו בזיליקום 180 ג',"אוליביה גורמה בע""מ",IL,פסטו בזיליקום אוליבי,גרמים,180.00,100 גרם,false,,12.90,0.0717,true,1,1411525
7290005431913,false,עדן קינוחים עוגת גבינה פירורים,עדן קינוחים Eden,IL,עוגת גבינה פירורים ע,גרמים,92.00,100 גרם,false,,6.90,0.0750,true,1,1423874
7290005431968,false,עדן קינוחים מלבי שמנת,עדן קינוחים Eden,IL,מלבי שמנת עדן קינוחי,גרמים,150.00,100 גרם,false,,6.90,0.0460,true,1,1438134
7290005509445,false,עוגיות מיני קוקיס בטעם חמאה כרמית 600 גרם,כרמית תעשיות ממתקים,IL,מיני קוקיס בטעם חמאה,גרמים,600.00,100 גרם,false,,16.90,0.0282,true,1,1407941
7290005559587,false,מאפה נקניקיה בבצק מעדנות 800ג',מיוצר עי קונדיטוריית,IL,מאפה נקניקיות בבצק מ,גרמים,800.00,100 גרם,false,,26.90,0.0336,true,1,1411779
7290005559914,false,פיצה משפחתית זיתים מעדנות 550 גרם,מיוצר עי קונדיטוריית,IL,פיצה משפחתית זיתים מ,גרמים,550.00,100 גרם,false,,23.90,0.0435,true,1,1411781
7290005559990,false,בצק פילאס תורכי מעדנות 600 גרם,מיוצר עי קונדיטוריית,IL,בצק פילאס תורכי מעדנ,גרמים,600.00,100 גרם,false,,22.90,0.0382,true,1,1411783
7290005591761,false,דבש טהור מפרחי בר בלחיץ 400 ג' יד מרדכי,מכוורת יד מרדכי שטרא,IL,דבש טהור לחיץ 400 גר,גרמים,400.00,100 גרם,false,,21.90,0.0547,true,1,1416483
7290005617553,false,מברשת קרצוף שרובר,,,מברשת קרצוף שרובר,יחידה,0.00,יחידה,false,,5.90,0.0000,true,1,1421423
7290005651069,false,"מזון חתולים לה קט מיקס 2.85 ק""ג","ביופט בע""מ",IL,"לה קט מיקס 2.85 ק""ג",קילוגרמים,2.85,"ק""ג",false,,68.90,24.1754,true,1,1408215
7290005686436,false,תפוח עץ מיובש ששון ה,"דין שיווק וקליה בע""מ",,תפוח עץ מיובש קופסא,גרמים,200.00,100 גרם,false,,12.90,0.0645,true,1,1439872
7290005838002,false,מעדן גבינה ויוגורט בטעם וניל 88 ג' דניאלה,"שטראוס בריאות בע""מ",IL,דניאלה וניל 150 גרם,גרמים,150.00,100 גרם,false,,4.10,0.0273,true,1,1405634
7290005838613,false,"סקי וניל בודד 125 גרם ""שטראוס""","שטראוס בריאות בע""מ",IL,סקי וניל 125 בודד,גרמים,125.00,100 גרם,false,,3.70,0.0296,true,1,1405635
7290005838972,false,גבינת יום יום 5% שטראוס 125ג',מיוצר עי קונדיטוריית,IL,סקי יום יום 5% 125 ג,גרמים,125.00,100 גרם,false,,3.10,0.0248,true,1,1405636
7290005839078,false,"יוגורט דנונה ביו לבן 3% שומן 8*150 מ""ל",מיוצר עי קונדיטוריית,IL,מארז 8 חסכון - ביו 3,גרמים,1200.00,100 גרם,false,,15.90,0.0133,true,1,1405637
7290005839108,false,גבינה לבנה סימפוניה עם תוספות 200 ג'+זיתים 5%,"שטראוס בריאות בע""מ",IL,גבינה במרקם שמנת 5%,גרמים,200.00,100 גרם,false,,11.00,0.0550,true,1,1405638
7290005839313,false,"מילקי טופ מגולגלת שטראוס 170 מ""ל",מיוצר עי קונדיטוריית,IL,מילקי טופ מגולגלת 17,מיליליטרים,170.00,"100 מ""ל",false,,4.90,0.0288,true,1,1405639
7290005896637,false,סאן בנדטו - מים מינרלים טבעיים מהאלפים 1.5 ליטר,אקווה מינרלה סאן בנד,IT,מים מינרליים טבעיים,מיליליטרים,9000.00,"100 מ""ל",false,,4.80,0.0005,true,1,1410676
7290005938245,false,ממרח פסטו קלאסי פרסקו 220ג' מצונן,מיוצר עי פרסקו חצבה,IL,פסטו קלאסי 220 גרם,גרמים,220.00,100 גרם,false,,18.90,0.0859,true,1,1409091
7290005951039,false,כרובית ארוזה,,,כרובית,יח',1.00,יח',false,,9.90,9.9000,true,1,1433882
7290005992018,false,"יוגורט עיזים לשתיה 3% מחלבות גד 500 מ""ל","מיוצר ע""י קוד יצרן M",IL,יוגורט לשתייה מחלב ע,מיליליטרים,500.00,"100 מ""ל",false,,12.20,0.0244,true,1,1413760
7290005992575,false,גבינה בולגרית למריחה 5% גד 250 גרם,מחלבות גד בעמ,IL,גבינה בולגרית למריחה,גרמים,250.00,100 גרם,false,,15.90,0.0636,true,1,1413762
7290005992735,false,לאבנה טבעית 5% 250 גר' - רבנות,הנסיך- מפעל לייצור ט,IL,גבינת לאבנה טבעית 5%,גרמים,250.00,100 גרם,false,,11.90,0.0476,true,1,1413763
7290005996221,false,פסטרמה של פעם דק דק 120 גרם,מעדני יחיעם,IL,פסטרמה של פעם דק דק,גרמים,120.00,100 גרם,false,,12.90,0.1075,true,1,1430040
7290005996238,false,פסטרמה בדבש דק דק 120 גרם,מעדני יחיעם,IL,פסטרמה בדבש דק דק 12,גרמים,120.00,100 גרם,false,,12.90,0.1075,true,1,1430041
7290005996276,false,פסטרמה ברביקיו דק דק 120 גרם,מעדני יחיעם,IL,פסטרמה ברביקיו דק דק,גרמים,120.00,100 גרם,false,,12.90,0.1075,true,1,1430042
7290006229588,false,בירה איגל לאגר פרימיום חזקה 6.3% 500 מל,"טמפו משקאות בע""מ",IL,"בירה איגל זהב 500 מ""",מיליליטרים,500.00,"100 מ""ל",false,,7.50,0.0150,true,1,1428434
7290006229588,false,בירה איגל לאגר פרימיום חזקה 6.3% 500 מל,"טמפו משקאות בע""מ",IL,"בירה איגל זהב 500 מ""",מיליליטרים,500.00,"100 מ""ל",false,,7.50,0.0150,true,1,1428436
7290006271181,false,ג'חנון אפוי מעדנות 750 גרם,מיוצר עי קונדיטוריית,IL,ג'חנון אפוי מוקפא לה,גרמים,750.00,100 גרם,false,,25.50,0.0340,true,1,1411784
7290006272072,false,חטיפי פיצה בשקית מעדנות 650ג',"מעדנות בע""מ",IL,חטיפי פיצה 24 יחידות,גרמים,650.00,100 גרם,false,,32.90,0.0506,true,1,1411788
7290006272430,false,בצק עלים חמאה מעדנות 600 גרם,מיוצר עי קונדיטוריית,IL,בצק עלים חמאה מעדנות,גרמים,600.00,100 גרם,false,,27.90,0.0465,true,1,1427861
7290006322104,false,לחם ריחיים קל פרוס 500גר,מאפיית דוידוביץ ובני,IL,לחם ריחיים קל פרוס 5,גרמים,500.00,100 גרם,false,,12.90,0.0258,true,1,1417509
7290006322111,false,לחמניות ריחיים שישיי,מאפיית דוידוביץ ובני,IL,לחמניות רחיים קלות 7,גרמים,450.00,100 גרם,false,,12.90,0.0287,true,1,1417510
7290006322128,false,לחמניות קלות 6 יח בחבילה,מאפיית דוידוביץ ובני,IL,לחמניות קלות 75 גרם,גרמים,450.00,100 גרם,false,,8.90,0.0198,true,1,1417511
7290006322166,false,6 לחמניות גדולות 450 גרם,מאפיית דוידוביץ ובני,IL,לחמניות רגילות 6*75,יחידה,6.00,יחידה,false,,9.90,1.6500,true,1,1434649
7290006322470,false,לחם תשעה דגנים דוידו,מאפיית דוידוביץ ובני,IL,לחם קל 9דגנים 500גרם,גרמים,500.00,100 גרם,false,,16.90,0.0338,true,1,1431296
7290006322487,false,לחם קוביות קמח מלא 750 ג',מאפיית דוידוביץ ובני,IL,לחם קל קוביות קמח מל,גרמים,750.00,100 גרם,false,,14.90,0.0199,true,1,1417514
7290006322838,false,לחם מקמח מלא דוידובי,מאפיית דוידוביץ ובני,IL,לחם קמח מלא 100% מאפ,גרמים,750.00,100 גרם,false,,12.90,0.0172,true,1,1417519
7290006322968,false,לחם זיץ ברויט דוידוב,מאפיית דוידוביץ ובני,IL,לחם זיץ ברויט 1.2 ק',גרמים,1200.00,100 גרם,false,,14.90,0.0124,true,1,1417520
7290006342447,false,גרעין אבטיח 200 גרם ששון הקולה,"דין שיווק וקלייה בע""",IL,גרעין אבטיח 200 גרם,גרמים,200.00,100 גרם,false,,12.90,0.0645,true,1,1435458
7290006342515,false,מנצס 200 גרם ששון הקולה,"דין שיווק וקלייה בע""",,מנצס 200 שקית,גרמים,200.00,100 גרם,false,,7.90,0.0395,true,1,1439874
7290006342560,false,בוטן אמריקאי 200 גרם ששון הקולה,"דין שיווק וקלייה בע""",IL,בוטן אמריקאי 200 גרם,גרמים,200.00,100 גרם,false,,6.90,0.0345,true,1,1435460
7290006342645,false,טורטיה גדולה 840 גר' 12 יח,אלקטי קוראבייכיסיגיד,TR,טורטיה גדולה 840 גרם,גרמים,840.00,100 גרם,false,,16.90,0.0201,true,1,1435461
7290006492432,false,גבינת מוצרלה בייבי 18% גד 150 גרם,מחלבות גד בעמ,IL,בייבי מוצרלה 18% 150,גרמים,150.00,100 גרם,false,,14.90,0.0993,true,1,1413764
7290006492616,false,גבינה בולגרית מעודנת פרוסות 5% גד 250 גרם,DSH עבור מחלבות גד ב,IL,גבינה בולגרית מעודנת,גרמים,250.00,100 גרם,false,,26.80,0.1072,true,1,1413765
7290006492630,false,גבינת פרומעז עיזים 22% גד 180 גרם,מחלבות גד בעמ,IL,גבינת גליל עיזים 22%,גרמים,180.00,100 גרם,false,,22.50,0.1250,true,1,1413766
7290006492685,false,גבינת לאבנה עיזים 5% גד 250 גרם,מחלבות גד בעמ,IL,גבינת לאבנה עיזים 5%,גרמים,250.00,100 גרם,false,,16.40,0.0656,true,1,1413767
7290006492852,false,גבינת עיזים למריחה 5% שומן 250 ג' גד,קריות זול,IL,גבינת עזים למריחה 5%,גרמים,250.00,100 גרם,false,,17.90,0.0716,true,1,1413768
7290006492913,false,גבינת לאבנה ציזיקי 5% מחלבות גד 250 גרם,מחלבות גד בעמ,IL,גבינת לאבנה ציזיקי 5,גרמים,250.00,100 גרם,false,,12.90,0.0516,true,1,1413769
7290006496225,false,"מי ורדים 750 מ""ל משקד",משקד,IL,"מי ורדים 750 מ""ל",מיליליטרים,750.00,"100 מ""ל",false,,13.90,0.0185,true,1,1421617
7290006498052,false,דנונה ביו יוגורט טבעי מהדרין 3% 150 ג',שטראוס גרופ,IL,יוגורט דנונה ביו 150,גרמים,150.00,100 גרם,false,,2.60,0.0173,true,1,1405640
7290006511157,false,"פטריות שלמות ויליפוד 400 גרם בד""ץ",אוקצ'מפס אס.איי אויי,PL,פטריות שלמות 400 גרם,גרמים,400.00,100 גרם,false,,8.90,0.0223,true,1,1408408
7290006511751,false,פטריות שמפניון חתוך ויליפוד 290X3 ג' בד”צ,לוטס,NL,שלישית פטריות חתוך ו,יחידה,3.00,יחידה,false,,11.90,3.9667,true,1,1408410
7290006618085,false,"אסטוניש תרסיס ניקוי אמבטיה וכיורים יעקבי 750 מ""ל",יעקובי אסטוניש,GB,מרסס לניקוי האמבט 75,מיליליטרים,750.00,"100 מ""ל",false,,13.90,0.0185,true,1,1438514
7290006653819,false,פתיתי קוסקוס דק 350 גרם,"מיוצר ע""י קוד יצרן K",IL,אסם קוסקוס דק 350 גר,גרמים,350.00,100 גרם,false,,7.90,0.0226,true,1,1407089
7290006664532,false,יוגורט עם תות 3% שומן 150 ג' דנונה,מיוצר עי קונדיטוריית,IL,"דנונה תות 3% 150 מ""ל",גרמים,150.00,100 גרם,false,,3.90,0.0260,true,1,1405645
7290006664655,false,"אקטימל לבן טבעי מארז 100X8 מ""ל",מיוצר עי קונדיטוריית,IL,"אקטימל לבן 8*100 מ""ל",מיליליטרים,800.00,"100 מ""ל",false,,20.90,0.0261,true,1,1405647
7290006664693,false,יוגורט עם אפרסק 3% שומן 150 ג' דנונה,מיוצר עי קונדיטוריית,IL,דנונה אפרסק 3% 150 ג,גרמים,150.00,100 גרם,false,,3.90,0.0260,true,1,1405648
7290006664990,false,"יוגורט דנונה ביו לבן 1.7% שומן 8*150 מ""ל",מיוצר עי קונדיטוריית,IL,מארז 8 חסכון - ביו 1,גרמים,1200.00,100 גרם,false,,15.90,0.0133,true,1,1405649
7290006678447,false,טושונקה בקר פחית 400,,,טושונקה בקר פחית 400,גרמים,400.00,100 גרם,false,,19.90,0.0497,true,1,1406096
7290006681003,false,גלידה תות לימון סורבה 1.33 ל' קרמיסימו,"גלידת שטראוס בע""מ, ר",IL,גלידת קרמיסימו 1.33,מיליליטרים,1330.00,"100 מ""ל",false,,18.90,0.0142,true,1,1416798
7290006681065,false,"קסטה שוקו וניל ""שטראוס""","מיוצר ע""י גלידת שטרא",IL,שלגון סנקור וניל ושו,יחידה,1.00,יחידה,false,,7.90,7.9000,true,1,1416799
7290006681553,false,קרמבו בטעם וניל שטראוס 8 יחידות,"גלידת שטראוס בע""מ",IL,קרמבו שטראוס 8*25 גר,יחידה,8.00,יחידה,false,,16.90,2.1125,true,1,1416800
7290006739292,false,נקניק פסטרמה פרגיות ציפוי תירס,נקניק נהריה כשר זוגל,IL,פסטרמה תבור 330 גר',גרמים,330.00,100 גרם,false,,25.90,0.0785,true,1,1422789
7290006739414,false,נקניק סלמי קוניאק זוגלובק 300 גרם,נקניק נהריה כשר זוגל,IL,סלמי קוניאק 300 גרם,גרמים,300.00,100 גרם,false,,25.90,0.0863,true,1,1415305
7290006739421,false,נקניק סלמי מעושן איטלקי זוגלובק 300 גרם,נקניק נהריה כשר זוגל,IL,נקניק סלמי מעושן איט,גרמים,300.00,100 גרם,false,,25.90,0.0863,true,1,1415306
7290006742179,false,קבב מזרחי 400 ג' זוגלובק,נקניק נהריה כשר זוגל,IL,קבב מזרחי 400 גרם,גרמים,400.00,100 גרם,false,,19.90,0.0497,true,1,1415316
7290006742292,false,פסטרמה הודו בדבש 330 ג' זוגלובק,נקניק נהריה כשר זוגל,IL,פסטרמה בדבש 330 גרם,גרמים,330.00,100 גרם,false,,25.90,0.0785,true,1,1415318
7290006775016,false,עוגה מבית טוב 450 גרם תפוז,אחדות ביחר לטחינה חל,IL,עוגת תפוז 450 גרם אח,גרמים,450.00,100 גרם,false,,10.90,0.0242,true,1,1410451
7290006775023,false,"עוגה מבית טוב"" 450 גרם אנגלית",אחדות ביחר לטחינה חל,IL,עוגה אנגלית 450 גרם,גרמים,450.00,100 גרם,false,,10.90,0.0242,true,1,1410452
7290006775030,false,"עוגה מבית טוב"" 450 גרם שוקו-ציפס",אחדות ביחר לטחינה חל,IL,עוגת שוקולד צ'יפס 45,גרמים,450.00,100 גרם,false,,10.90,0.0242,true,1,1410453
7290006775054,false,עוגת שיש אחווה 450 ג' אחוה,אחדות ביחר לטחינה חל,IL,עוגת שיש 450 גרם אחו,גרמים,450.00,100 גרם,false,,10.90,0.0242,true,1,1410455
7290006775085,false,עוגת שמרים במילוי שוקולד 400גר,אחדות ביחר לטחינה חל,IL,עוגת שמרים שוקולד 40,גרמים,400.00,100 גרם,false,,10.90,0.0273,true,1,1410456
7290006866363,false,מיץ סחוט אשכולית אדומה פרימור 1 ליטר,"גניר (1992) בע""מ",IL,מיץ אשכוליות אדומות,מיליליטרים,1000.00,"100 מ""ל",false,,16.20,0.0162,true,1,1405650
7290006983176,false,אוסם - לחמית שיפון 250 גרם,"אסם תעשיות בע""מ",IL,לחמית שיפון 230 גרם,גרמים,230.00,100 גרם,false,,9.50,0.0413,true,1,1407091
7290006983527,false,עוגת הבית תפוחי עץ עם פירורים 400 ג' אסם,מיוצר עי קונדיטוריית,IL,הבית עוגת תפוחי עץ ע,גרמים,400.00,100 גרם,false,,14.90,0.0373,true,1,1407092
7290006983763,false,עוגת הבית שוקולד 400 גרם אסם.,מיוצר עי קונדיטוריית,IL,עוגת הבית תפוחים פיר,גרמים,400.00,100 גרם,false,,11.90,0.0298,true,1,1407093
7290006983770,false,עוגת הבית שיש אסם 400 גרם,מיוצר עי קונדיטוריית,IL,עוגת הבית בטעם שוקול,גרמים,400.00,100 גרם,false,,11.90,0.0298,true,1,1407094
7290006983787,false,עוגת הבית שוקולד צ'יפס אסם 400 גרם,מיוצר עי קונדיטוריית,IL,עוגת הבית שיש אסם 40,גרמים,400.00,100 גרם,false,,11.90,0.0298,true,1,1407095
7290006983794,false,עוגת הבית בטעם תפוז אסם 400 גרם,מיוצר עי קונדיטוריית,IL,עוגת הבית שוקולד צ'י,גרמים,400.00,100 גרם,false,,11.90,0.0298,true,1,1407096
7290007065007,false,מוצרלה פרוסות 22% 20,,,מוצרלה פרוסות 22% 20,גרמים,200.00,100 גרם,false,,17.60,0.0880,true,1,1413745
7290008154222,false,שניצלונים עוף טוב 700 גרם,מוצרי עוף טוב (2001),IL,שניצלונים בציפוי מעו,גרמים,700.00,100 גרם,false,,19.90,0.0284,true,1,1407103
7290008175173,false,חמאה מפינלנד ללא מלח 200 גרם ויליפוד,ואליו אל.טי.די,FI,חמאה מפינלנד 200 גרם,גרמים,200.00,100 גרם,false,,11.90,0.0595,true,1,1408411
7290008175210,false,גבינת פרמזן מגורדת 90ג' ויליפוד,זנטי אס.איי.,IT,פרמזנו מגורדת 90 גר',גרמים,90.00,100 גרם,false,,17.90,0.1989,true,1,1408412
7290008175814,false,וילי פוד פטריות שמפיניון חתוך בדץ 400ג,"אוקצ'מפ אס, איי אויי",PL,פטריות חתוכות 400 גר,גרמים,400.00,100 גרם,false,,5.50,0.0138,true,1,1408414
7290008190909,false,עוגיות מיני קוקיס שוקולד צ'יפס כרמית 600 גרם,כרמית תעשיות ממתקים,IL,מיני קוקיס שוקו ציפס,גרמים,600.00,100 גרם,false,,16.90,0.0282,true,1,1407946
7290008343466,false,בצק פילו 500 גרם שלושת האופים,שלושת האופים שגמור,IL,בצק פילו שלושת האופי,גרמים,500.00,100 גרם,false,,21.90,0.0438,true,1,1409100
7290008343558,false,"סיגרים בשר שלושת האופים 1 ק""ג",שלושת האופים,IL,בצק פילו שלושת האופי,גרמים,1000.00,100 גרם,false,,21.90,0.0219,true,1,1409101
7290008343572,false,"אגרול סיני 1 ק""ג שלושת האופים",שלושת האופים,IL,אגרול סיני שלושת האו,גרמים,1000.00,100 גרם,false,,21.90,0.0219,true,1,1421821
7290008345583,false,איקרה ביתית ורוד 300 גרם דלידג,כלורוקס אוקלנד,IL,איקרה ביתית ורוד 300,גרמים,300.00,100 גרם,false,,20.90,0.0697,true,1,1409110
7290008347181,false,מעדניה - פילה אמנון,,,מעדניה - פילה אמנון,קילוגרמים,1.00,"ק""ג",true,,30.90,30.9000,true,1,1431076
7290008347211,false,אצבעות דג מצופות דלידג 700 גרם,אף.סי תבליני בגליל ב,IL,אצבעות דג מצופות דלי,גרמים,700.00,100 גרם,false,,22.90,0.0327,true,1,1408935
7290008347891,false,מעדניה - פילה אמנון,,,מעדניה - פילה אמנון,קילוגרמים,1.00,"ק""ג",true,,30.90,30.9000,true,1,1431077
7290008409124,false,מאמא עוף קפוא שניצל ג'ונגל פריך 700 גרם,תנובה גליל שותפות מו,IL,שניצל ג'ונגל פריך 70,גרמים,700.00,100 גרם,false,,34.90,0.0499,true,1,1411790
7290008409216,false,מאמא עוף קפוא שניצל דק פריך 700 גרם,תנובה גליל,IL,שניצל דק דק פריך מאמ,גרמים,700.00,100 גרם,false,,39.90,0.0570,true,1,1411791
7290008409551,false,שניצל עוף אמיתי בציפוי מעודן 700 ג' מאמא עוף,תנובה גליל שותפות מו,IL,שניצל עוף בציפוי מעו,גרמים,700.00,100 גרם,false,,39.90,0.0570,true,1,1411797
7290008409568,false,שניצל עוף אמיתי בציפוי שבבי ציפס 700 גר,תנובה גליל שותפות מו,IL,שניצל צ'יפס אמיתי מא,גרמים,700.00,100 גרם,false,,39.90,0.0570,true,1,1411798
7290008415071,false,צבר חומוס עם טחינה עגול 150 גרם,לחמנו,IL,צבר חומוס עם טחינה 1,גרמים,150.00,100 גרם,false,,4.90,0.0327,true,1,1407104
7290008415514,false,צבר חומוס עם חריף עגול 150 גרם,לחמנו,IL,צבר חומוס עם חריף 15,גרמים,150.00,100 גרם,false,,4.90,0.0327,true,1,1407105
7290008417204,false,תבלין לשווארמה 110,נווה תבלין,,תבלין לשווארמה 110,גרמים,110.00,100 גרם,false,,7.90,0.0718,true,1,1413105
7290008417228,false,תבלין על אש 110,נווה תבלין,,תבלין על אש 110,גרמים,110.00,100 גרם,false,,7.90,0.0718,true,1,1413107
7290008417631,false,פפריקה מתוקה 110,נווה תבלין,,פפריקה מתוקה 110,גרמים,110.00,100 גרם,false,,7.90,0.0718,true,1,1413123
7290008461221,false,סרדינים רוברט בשמן חמניות 115 גרם,"רמירז, מטוסינוס",PT,סרדינים רוברט שמן חמ,גרמים,115.00,100 גרם,false,,6.90,0.0600,true,1,1409112
7290008462204,false,חרדל דיז'ון מקורי נטו מאי 380 גרם,יוניליבר צרפת,FR,חרדל דז'ון מקורי 380,גרמים,380.00,100 גרם,false,,14.90,0.0392,true,1,1409116
7290008462259,false,חרדל דיזיון גרגירים 345 גרם,יוניליוור צרפת,FR,חרדל דז'ון גרגירים 3,גרמים,380.00,100 גרם,false,,16.90,0.0445,true,1,1409117
7290008464024,false,"בירה גולדסטאר Unfiltered, בירה לא מסוננת, פחית 500 מ""ל","טמפו משקאות בע""מ",IL,גולדסטאר לא מסונן פח,מיליליטרים,500.00,"100 מ""ל",false,,8.90,0.0178,true,1,1410692
7290008464468,false,"בירה גולדסטאר, פחית 500 מ""ל",פארייפאבה אגרואינדוס,IL,"גולדסטאר פחית 500 מ""",מיליליטרים,500.00,"100 מ""ל",false,,8.40,0.0168,true,1,1410702
7290008464604,false,"בירה היינקן, פחית 500 מ""ל",טמפו משקאות בע''מ,NL,"בירה הייניקן 500 מ""ל",מיליליטרים,500.00,"100 מ""ל",false,,11.90,0.0238,true,1,1410582
7290008464604,false,"בירה היינקן, פחית 500 מ""ל",טמפו משקאות בע''מ,NL,"בירה הייניקן 500 מ""ל",מיליליטרים,500.00,"100 מ""ל",false,,11.90,0.0238,true,1,1410704
7290008464611,false,"הסודה של טמפו, מי סודה בגיזוז חזק, 275 מל",טמפו משקאות בעמ,IL,"סודה 275 מ""ל",מיליליטרים,275.00,"100 מ""ל",false,,3.50,0.0127,true,1,1410705
7290008464697,false,"בירה מכבי 7.9%, בירה חזקה, מארז שישייה, בקבוק 330 מ""ל",טמפו,IL,מכבי 7.9% 330 שישייה,מיליליטרים,1980.00,"100 מ""ל",false,,35.90,0.0181,true,1,1410706
7290008464734,false,"בירה גולדסטאר SLOW BREW מארז 330X6מ""ל",טמפו משקאות בע''מ,IL,שישיית בירה גולדסטאר,מיליליטרים,1980.00,"100 מ""ל",false,,41.90,0.0212,true,1,1422724
7290008464741,false,"בירה גולדסטאר, מארז שישייה, בקבוק 330 מ''ל",קריות זול,IL,בירה גולד סטאר שישיי,מיליליטרים,1980.00,"100 מ""ל",false,,38.40,0.0194,true,1,1410708
7290008644112,false,סלט מטבוחה יום יום אחלה 125 ג',"שטראוס גרופ בע""מ",IL,סלט מטבוחה אחלה 125,גרמים,125.00,100 גרם,false,,4.90,0.0392,true,1,1405651
7290008645935,false,חומוס לניגוב אחלה 750 ג',"שטראוס גרופ בע""מ",IL,חומוס אחלה 750 גרם,גרמים,750.00,100 גרם,false,,10.90,0.0145,true,1,1405652
7290008690713,false,נקטר חמוציות אושן ספריי פריגת 1 ליטר,מבשלות בירה בינלאומי,IL,נקטר חמוציות 1 ליטר,ליטרים,1.00,ליטר,false,,12.20,12.2000,true,1,1413485
7290008693134,false,מעדן גבינה ויוגורט בטעם תות 5% שומן 88 ג' דניאלה,"שטראוס בריאות בע""מ",IL,"דניאלה תות 150 מ""ל",גרמים,150.00,100 גרם,false,,4.10,0.0273,true,1,1405653
7290008745239,false,תפוצ'יפס קראנצ' בטעם טבעי עלית 50 גרם,"שטראוס פריטו ליי בע""",IL,תפוציפס קראנצ' טבעי,גרמים,50.00,100 גרם,false,,4.00,0.0800,true,1,1406140
7290008750264,false,מסטיק מאסט LL פליפ.דובדבן מגדים 28 גר,"שטראוס גרופ בע""מ",IL,מאסט דובדבן מגדים 28,גרמים,28.00,100 גרם,false,,4.50,0.1607,true,1,1416490
7290008752244,false,תפוצ'יפס קראנץ' בטעם גריל עלית 50 גרם,"שטראוס פריטו ליי בע""",IL,תפוציפס קראנצ' גריל,גרמים,50.00,100 גרם,false,,4.00,0.0800,true,1,1406142
7290008753111,false,תפוצ'יפס קראנץ' בטעם מקסיקני עלית 50 גרם,"שטראוס פריטו ליי בע""",IL,תפוציפס קראנצ מקסיקנ,גרמים,50.00,100 גרם,false,,4.00,0.0800,true,1,1406144
7290008753364,false,דוריטוס גריל עלית 55 ג',שטראוס פריטו ליי בע,IL,דוריטוס גריל 55 גרם,גרמים,55.00,100 גרם,false,,3.50,0.0636,true,1,1406145
7290008753371,false,דוריטוס נאצו מקסיקני 55 גר,STRAUSS-ISRAEL,IL,דוריטוס נאצ'ו 55 גרם,גרמים,55.00,100 גרם,false,,3.30,0.0600,true,1,1406146
7290008753388,false,דוריטוס טבעי עלית 55 ג',STRAUSS-ISRAEL,IL,דוריטוס טבעי 55 גר,גרמים,55.00,100 גרם,false,,3.50,0.0636,true,1,1406147
7290008754422,false,גומי מאסט בטעם פפרמינט קלאסי פליפטופ 28 ג' עלית,"שטראוס גרופ בע""מ",IL,Must LL קלאסי פפרמינ,גרמים,28.00,100 גרם,false,,4.50,0.1607,true,1,1416496
7290008757980,false,קרטונית ספרינג נקטר רימונים 1 ליטר,"יפאורה תבורי בע""מ",IL,ספרינג קרטוניות רימו,מיליליטרים,1000.00,"100 מ""ל",false,,6.80,0.0068,true,1,1407584
7290008775816,false,ערגליות עוגיות במילוי שוקו אסם 300 גרם,מיוצר עי קונדיטוריית,IL,ערגליות שוקולד שקית,גרמים,300.00,100 גרם,false,,9.90,0.0330,true,1,1407110
7290008801119,false,יין סוביניון בלאן סלקטד יקבי כרמל,אגודת הכורמים הקואופ,IL,יין לבן יבש סוביניון,מיליליטרים,750.00,"100 מ""ל",false,,29.90,0.0399,true,1,1417004
7290008801157,false,מרלו סלקטד כרמל מזרחי 750 מל,כרמל מזרחי,IL,יין אדום מרלו סלקטד,מיליליטרים,750.00,"100 מ""ל",false,,29.90,0.0399,true,1,1417005
7290008801522,false,יין קינג דויד קונקורד אדום מתוק 750 מל,אגודת הכורמים הקואופ,IL,יין אדום מתוק קונקור,מיליליטרים,750.00,"100 מ""ל",false,,21.90,0.0292,true,1,1417008
7290008801539,false,יין כרמל 120 קינג דיוויד יקבי כרמל,אגודת הכורמים הקואופ,IL,יין כרמל קינג דיויד,מיליליטרים,750.00,"100 מ""ל",false,,19.90,0.0265,true,1,1417009
7290008801546,false,יין מוסקט מתוק קינג דיוויד יקבי כרמל,אגודת הכורמים הקואופ,IL,יין לבן מתוק מוסקט ק,מיליליטרים,750.00,"100 מ""ל",false,,21.90,0.0292,true,1,1417010
7290008801843,false,קברנה סוביניון אדום יבש 750 מל סלקטד,"כד בני דרום בע""מ",IL,יין אדום יבש קברנה ס,מיליליטרים,750.00,"100 מ""ל",false,,29.90,0.0399,true,1,1417011
7290008801850,false,סלקטד אמרלד ריזלינג לבן חצי יבש 750 מל,אגודת הכורמים הקואופ,IL,יין לבן חצי יבש אמרל,מיליליטרים,750.00,"100 מ""ל",false,,29.90,0.0399,true,1,1417012
7290008802291,false,יין מרלו פרייבט קולקשן יקבי כרמל,אגודת הכורמים הקואופ,IL,יין מרלו פרייבט קולק,מיליליטרים,750.00,"100 מ""ל",false,,39.90,0.0532,true,1,1417013
7290008802529,false,"יין לבן חצי יבש וינו 750 מ""ל",כרמל מזרחי,IL,יין לבן חצי יבש וינו,מיליליטרים,750.00,"100 מ""ל",false,,22.20,0.0296,true,1,1417015
7290008804301,false,"יין רכס לבן 750 מ""ל",יינות 2 ב 60,,"יין רכס לבן 750 מ""ל",יחידה,0.00,יחידה,false,,35.00,0.0000,true,1,1422121
7290008805049,false,סלקטד זינפנדל כרמל מזרחי 750 מל,"כד בני דרום בע""מ",IL,יין זינפנדל סלקטד 75,מיליליטרים,750.00,"100 מ""ל",false,,29.90,0.0399,true,1,1417019
7290008805384,false,סלקטד מוסקטו לבן מבעבע 750 מל 2016,אגודת הכורמים הקואופ,IL,יין מוסקטו לבן סלקטד,מיליליטרים,750.00,"100 מ""ל",false,,29.90,0.0399,true,1,1417020
7290008805520,false,יין קברנה /מרלו סלקטד יקבי כרמל,"כד בני דרום בע""מ",IL,יין אדום קברנה מרלו,מיליליטרים,750.00,"100 מ""ל",false,,29.90,0.0399,true,1,1417021
7290008811750,false,BANNERבאנר יום הולדת,חד פעמי 8 ב 10,,BANNERבאנר יום הולדת,יחידה,0.00,יחידה,false,,1.90,0.0000,true,1,1420421
7290008811774,false,PLATEצלחות יום הולדת,חד פעמי 8 ב 10,,PLATEצלחות יום הולדת,יחידה,0.00,יחידה,false,,1.90,0.0000,true,1,1420423
7290008815468,false,"שקית ואקום דגש 55*85 ס""מ",דגש,,שקית וואקום דגש 55*8,יחידה,1.00,יחידה,false,,16.90,16.9000,true,1,1417244
7290008846219,false,"שמן זית כתית מעולה חלוצה 750 מ""ל",האי נאם סי או אל.טי.,IL,"שמן זית גרם 750 מ""ל",מיליליטרים,750.00,"100 מ""ל",false,,39.90,0.0532,true,1,1409118
7290008909853,false,קוקה קולה זירו בקבוק 500מל,פארייפאבה אגרואינדוס,IL,קולה ZERO בקבוק 500,מיליליטרים,500.00,"100 מ""ל",false,,6.50,0.0130,true,1,1413491
7290008909860,false,קוקה קולה זירו בקבוק 1.5ל,קוקה קולה ישראל,IL,קוקה קולה זירו בקבוק,מיליליטרים,1500.00,"100 מ""ל",false,,8.80,0.0059,true,1,1413492
7290010002023,false,תבלין כורכום תבליני מימון 100 גרם,א.ל ייצור ושיווק תבל,IL,כורכום טחון במיכל תב,גרמים,100.00,100 גרם,false,,11.90,0.1190,true,1,1413923
7290010002030,false,תבלין כמון טחון תבליני מימון 100 גרם,א.ל ייצור ושיווק תבל,IL,כמון טחון במיכל תבלי,גרמים,100.00,100 גרם,false,,11.90,0.1190,true,1,1413924
7290010002047,false,תבלין מלח לימון תבליני מימון 200 גרם,א.ל ייצור ושיווק תבל,IL,מלח לימון במיכל תבלי,גרמים,200.00,100 גרם,false,,10.90,0.0545,true,1,1413925
7290010002078,false,תבלין פלפל שחור טחון 100 גרם,א.ל ייצור ושיווק תבל,IL,פלפל שחור טחון במיכל,גרמים,100.00,100 גרם,false,,15.50,0.1550,true,1,1413927
7290010002108,false,תבלין פלפל שחור גרוס גס תבליני מימון 90,א.ל ייצור ושיווק תבל,IL,פלפל שחור גרוס גס במ,גרמים,90.00,100 גרם,false,,15.50,0.1722,true,1,1413929
7290010002139,false,תבלין פפריקה הונגרית חריפה 100 גרם,א.ל ייצור ושיווק תבל,IL,פפריקה הונגרית חריפה,גרמים,100.00,100 גרם,false,,11.90,0.1190,true,1,1413931
7290010002283,false,תבלין על האש תבליני מימון 100 גרם,א.ל ייצור ושיווק תבל,IL,תיבול על האש במיכל ת,גרמים,100.00,100 גרם,false,,11.90,0.1190,true,1,1413937
7290010002320,false,תבלין לגריל עוף תבליני מימון 100 גרם,א.ל ייצור ושיווק תבל,IL,תיבול לגריל עוף במיכ,גרמים,100.00,100 גרם,false,,11.90,0.1190,true,1,1413940
7290010002351,false,תבלין מימון זעתר ושומשום 100 גרם,א.ל ייצור ושיווק תבל,IL,זעתר עם שומשום במיכל,גרמים,100.00,100 גרם,false,,11.90,0.1190,true,1,1413941
7290010002405,false,תבלין טימין הררי תבליני מימון 40 גרם,א.ל ייצור ושיווק תבל,IL,טימין במיכל תבליני מ,גרמים,40.00,100 גרם,false,,9.90,0.2475,true,1,1413946
7290010002443,false,תבלין רוזמרין תבליני מימון 40 גרם,א.ל ייצור ושיווק תבל,IL,רוזמרין במיכל תבליני,גרמים,40.00,100 גרם,false,,9.90,0.2475,true,1,1413947
7290010002481,false,תבלין שום טחון תבליני מימון 100 גרם,א.ל ייצור ושיווק תבל,IL,שום טחון במיכל תבלינ,גרמים,100.00,100 גרם,false,,15.50,0.1550,true,1,1413948
7290010002498,false,תבלין שום גבישי תבליני מימון 120 גרם,א.ל ייצור ושיווק תבל,IL,שום גבישי במיכל תבלי,גרמים,120.00,100 גרם,false,,15.50,0.1292,true,1,1413949
7290010003792,false,תבלין בשקית מלח לימון 100 גרם,א.ל ייצור ושיווק תבל,IL,מלח לימון בשקית תבלי,גרמים,100.00,100 גרם,false,,6.30,0.0630,true,1,1413961
7290010065745,false,ג`וניור פרינוק מחית לפתן פירות 190ג',פרוטה פודווין איי.אס,CZ,מחית ג'וניור לפתן פי,גרמים,190.00,100 גרם,false,,7.90,0.0416,true,1,1441126
7290010117857,false,דוריטוס חריף אש 55 ג' עלית,STRAUSS-ISRAEL,IL,דוריטוס חריף אש 55 ג,גרמים,55.00,100 גרם,false,,3.50,0.0636,true,1,1406148
7290010117970,false,סבבה בוטנים קלויים מצופים - אריזה אישית,"שטראוס פריטו ליי בע""",IL,בוטנים אמריקאים 50 ג,גרמים,50.00,100 גרם,false,,2.90,0.0580,true,1,1406149
7290010119950,false,דוריטוס חמוץ חריף 55 גרם-סטריפ,שטראוס גרופ,,דוריטוס חמוץ חריף 55,גרמים,55.00,100 גרם,false,,3.50,0.0636,true,1,1406150
7290010154241,false,סלט חזרת ריף ביטון 250 ג',תבליני יוחאי ביטון,IL,חזרת ביטון 250 גרם,גרמים,250.00,100 גרם,false,,13.90,0.0556,true,1,1409121
7290010154265,false,פלפל צ'ומה תבליני ביטון 250 גרם,תבליני יוחאי ביטון,IL,פלפל צ'ומה 250 גרם,גרמים,250.00,100 גרם,false,,12.90,0.0516,true,1,1422713
7290010154418,false,סחוג אדום תבליני ביטון 130 גרם,תבליני יוחאי ביטון,IL,סחוג אדום 130 גרם,גרמים,130.00,100 גרם,false,,8.90,0.0685,true,1,1422714
7290010154425,false,סחוג ירוק תבליני ביטון 130 גרם,תבליני יוחאי ביטון,IL,סחוג ירוק 130 גרם,גרמים,130.00,100 גרם,false,,8.90,0.0685,true,1,1409122
7290010154678,false,אריסה מרוקאית תבליני ביטון 250 גרם,תבליני יוחאי ביטון,IL,אריסה מרוקאית 250 גר,גרמים,250.00,100 גרם,false,,13.90,0.0556,true,1,1409123
7290010154685,false,סלט שום כתוש 250 ג' ביטון יוחאי,תבליני יוחאי ביטון,IL,סלט שום כתוש 250 גרם,גרמים,250.00,100 גרם,false,,13.90,0.0556,true,1,1409124
7290010199891,false,"סטייל - סבון ידיים אדום 500 מ""ל משאבה - מרכז",דולפין ספא,TR,אל סבון תה אדום משאב,מיליליטרים,500.00,"100 מ""ל",false,,6.90,0.0138,true,1,1408790
7290010237531,false,פפסי קולה פלסטיק 500מל,סנו מפעלי ברונוס.,IL,"פפסי קולה 500 מ""ל",מיליליטרים,500.00,"100 מ""ל",false,,4.50,0.0090,true,1,1410714
7290010237548,false,"פפסי מקס דל קלוריות 500 מ""ל בקבוק",טמפו משקאות בעמ,IL,"פפסי מקס 500 מ""ל",מיליליטרים,500.00,"100 מ""ל",false,,4.50,0.0090,true,1,1410715
7290010237579,false,משקה סבן אפ קוול 500,"טמפו משקאות בע""מ",IL,"סבן אפ 500 מ""ל",מיליליטרים,500.00,"100 מ""ל",false,,4.50,0.0090,true,1,1410717
7290010259359,false,וילי פוד נודלס אטר.ביצים להקפצה בדץ 200ג,פוג'יאן לונגהאי אנלי,CN,אטריות רחבות נודלס ו,גרמים,200.00,100 גרם,false,,4.90,0.0245,true,1,1408417
7290010259366,false,וילי פוד נודלס אטר.ביצים מסולסל בדץ 200ג,פוג'יאן לונגהאי אנלי,CN,אטריות מסולסלות נודל,גרמים,200.00,100 גרם,false,,4.90,0.0245,true,1,1408418
7290010259823,false,מנת השף נודלס בטעם עוף וילי פוד 70 גרם,נמצ'או(תאילנד) בעמ,TH,נודלס בטעם עוף מנת ה,גרמים,70.00,100 גרם,false,,5.50,0.0786,true,1,1408419
7290010259830,false,מנת השף נודלס בסגנון סיני פיקנטי וילי פוד 70 גרם,נמצ'או(תאילנד) בעמ,TH,נודלס בסגנון סיני פי,גרמים,70.00,100 גרם,false,,5.50,0.0786,true,1,1408420
7290010259847,false,מנת השף נודלס בטעם תירס וילי פוד 70 גרם,קריות זול,TH,מנת השף נודלס בטעם ת,גרמים,70.00,100 גרם,false,,5.50,0.0786,true,1,1408421
7290010259854,false,מרק עם נודלס טעם פטריות מנת השף 70 גר,נמצ'או(תאילנד) בעמ,TH,נודלס מנת השף בטעם פ,גרמים,70.00,100 גרם,false,,5.50,0.0786,true,1,1408422
7290010259861,false,מנת השף נודלס בטעם ירקות וילי פוד 70 גרם,קריות זול,TH,נודלס עם ירקות מנת ה,גרמים,70.00,100 גרם,false,,5.50,0.0786,true,1,1408423
7290010259977,false,שמן קנולה מזוכך 1 ליטר ויליפוד,בונגי פולין אס.פי.זד,PL,שמן קנולה 1 ליטר,מיליליטרים,1000.00,"100 מ""ל",false,,10.90,0.0109,true,1,1408427
7290010259991,false,צנימים מיוחדים בטעם טבעי 250 ג',קריות זול,PT,צנימים ויליפוד 250 ג,גרמים,250.00,100 גרם,false,,8.90,0.0356,true,1,1408428
7290010300501,false,"סוכר חום דמררה נאמן 1 ק""ג",נאמן,,סוכר חום בשקית השף א,גרמים,1000.00,100 גרם,false,,13.00,0.0130,true,1,1410300
7290010300518,false,"קוואקר שבולת שועל, 500 גרם ""נאמן""",ר.ס.,,שבולת שועל מהיר הכנה,גרמים,500.00,100 גרם,false,,8.50,0.0170,true,1,1410301
7290010328093,false,ממרח חלווה אחווה 400 ג' מהדרין,אחדות בית חרושת לטחי,IL,ממרח חלווה אחווה 400,גרמים,400.00,100 גרם,false,,11.90,0.0298,true,1,1413239
7290010328178,false,חלבה מסולסלת שערות אחוה 250 ג',אחדות ביחר לטחינה חל,IL,חלווה מסולסלת 250 גר,גרמים,250.00,100 גרם,false,,10.90,0.0436,true,1,1413240
7290010328246,false,טחינה גולמית משומשום מלא אחווה 500 גרם,"אחדות ביח""ר לטחינה ח",IL,טחינה גולמית משומשום,גרמים,500.00,100 גרם,false,,12.90,0.0258,true,1,1428112
7290010328253,false,טחינה גולמית משומשום טבעי אחווה 500 גרם,"אחדות ביח""ר לטחינה ח",IL,טחינה גולמית אחוה 50,גרמים,500.00,100 גרם,false,,12.90,0.0258,true,1,1410465
7290010328505,false,אחווה חטיפי מיני חלווה ללא סוכר 15 יח,אחדות ביחר לטחינה חל,IL,חטיפי מיני חלווה ללא,יחידה,15.00,יחידה,false,,11.90,0.7933,true,1,1413242
7290010328727,false,ממרח טחינה עם שוקולד אחווה 400 גרם,אחדות ביחר לטחינה חל,IL,ממרח טחינה עם שוקולד,גרמים,400.00,100 גרם,false,,12.90,0.0323,true,1,1414446
7290010328734,false,ממרח טחינה עם סילאן משומשום מלא,אחדות ביחר לטחינה חל,IL,ממרח שומשום מלא עם ס,גרמים,400.00,100 גרם,false,,12.90,0.0323,true,1,1413243
7290010328819,false,"ממרח טחינה עם שוקולד לל""ס 400 ג' אחדות!.",אחדות ביחר לטחינה חל,IL,אחווה ממרח טחינה ושו,גרמים,400.00,100 גרם,false,,12.90,0.0323,true,1,1413244
7290010329984,false,שוקולד כרמית ציפס מר,כרמית תעשיות ממתקים,IL,שוקולד צ'יפס מריר 60,גרמים,250.00,100 גרם,false,,9.90,0.0396,true,1,1414447
7290010429554,false,"שמן זית כתית מעולה יד מרדכי 2 קלאסי, 750 מ""ל",מכוורת יד מרדכי שטרא,IL,שמן זית כתית מעולה ק,מיליליטרים,750.00,"100 מ""ל",false,,33.90,0.0452,true,1,1416502
7290010471669,false,יוגורט תות עם קורנפלקס מצופה שוקולד ללא גלוטן 3.9%,"שטראוס בריאות בע""מ",IL,דנונה בר תות קורנפלק,גרמים,175.00,100 גרם,false,,4.30,0.0246,true,1,1405654
7290010472307,false,מארז 8 יחידות משקה גמדים בטעם תות בננה,מיוצר עי קונדיטוריית,IL,גמדים תות בננה 8*100,מיליליטרים,800.00,"100 מ""ל",false,,19.90,0.0249,true,1,1405656
7290010627004,false,טחינה גולמית מסורתית ירושלים 500 ג',"בראשית ירושלים בע""מ",IL,טחינה ירושלים 500 גר,גרמים,500.00,100 גרם,false,,15.90,0.0318,true,1,1406686
7290010627844,false,טחינה גולמית שומשום מלא ירושלים 500גרם,"בראשית ירושלים בע""מ",IL,טחינה שומשום מלא ירו,גרמים,500.00,100 גרם,false,,15.90,0.0318,true,1,1406687
7290010650019,false,אנדיב בלגי אמיתי חוות תקוע,מרינה פטריות הגליל,IL,אנדיב / עולש חוות תק,יחידה,1.00,יחידה,false,,11.00,11.0000,true,1,1428489
7290010814244,false,שלשות שוקולד מריר 85 גרם*3 בלמינט *18 בקרטון,כרמית תעשיות ממתקים,IL,שוקולד מריר 60% מוצק,גרמים,255.00,100 גרם,false,,10.90,0.0427,true,1,1407948
7290010814695,false,שוקולד מריר פרווה ללא תוספת סוכר כרמית 85 גרם,כרמית תעשיות ממתקים,IL,שוקולד מריר פרווה לל,גרמים,85.00,100 גרם,false,,5.90,0.0694,true,1,1407951
7290010814701,false,שוקולד חלב ללא תוספת סוכר וסטהיים,כרמית תעשיות ממתקים,IL,שוקולד חלב ללא תוספת,גרמים,85.00,100 גרם,false,,5.90,0.0694,true,1,1407952
7290010903498,false,לבבות תירס 600 גר רמילוי,,,רמי לוי לבבות תירס 6,גרמים,600.00,100 גרם,false,,11.40,0.0190,true,1,1427679
7290010984923,false,שום כתוש מגשית 80ג רמילוי,,,שום כתוש קפוא במגשית,גרמים,80.00,100 גרם,false,,7.90,0.0988,true,1,1427685
7290011017866,false,קוקה קולה קלאסי בפחית,החברה המרכזית לייצור,IL,סליק קוקה קולה 330 מ,מיליליטרים,330.00,"100 מ""ל",false,,6.20,0.0188,true,1,1413498
7290011017873,false,"קוקה קולה זירו פחית 330 מ""ל",החברה המרכזית לייצור,IL,סליק קולה ZERO 330 מ,מיליליטרים,330.00,"100 מ""ל",false,,6.20,0.0188,true,1,1413499
7290011017880,false,דיאט קוקה קולה פחית סליק 330מל,החברה המרכזית לייצור,IL,"סליק דק""ק 330 מ""ל מב",מיליליטרים,330.00,"100 מ""ל",false,,6.20,0.0188,true,1,1413500
7290011018184,false,פיוז טי תה קר בטעם אפרסק,מבשלות בירה בינלאומי,IL,FUZE tea אפרסק 0.5 ל,מיליליטרים,500.00,"100 מ""ל",false,,8.40,0.0168,true,1,1413501
7290011018832,false,"קוקה קולה פרידגפק סליק 330 מ""ל שישייה",החברה המרכזית לייצור,IL,שישית פחיות קוקה קול,מיליליטרים,1980.00,"100 מ""ל",false,,26.70,0.0135,true,1,1413512
7290011043049,false,כוסות נייר שתיה חמה,כוסות שתייה חמה 3 ב,,כוסות נייר שתיה חמה,יחידה,50.00,יחידה,false,,11.90,0.2380,true,1,1431441
7290011081492,false,גלידה בטעם שלושה שוקולדים 1.33ל' קרמיסימו,"גלידת שטראוס בע""מ, ר",IL,גלידת קרמיסימו 1.33,מיליליטרים,1330.00,"100 מ""ל",false,,18.90,0.0142,true,1,1416809
7290011126452,false,הגן הקסום תה בטעם קמומיל ונענע ויסוצקי 25 יחידות,תה ויסוצקי,IL,חליטת קמומיל ונענע ה,יחידה,25.00,יחידה,false,,17.90,0.7160,true,1,1406688
7290011126957,false,תה ירוק ויסוצקי ארל גריי 25 שקיקים,ויסוצקי ירוק,IL,תה ירוק ארל גריי ויס,יחידה,25.00,יחידה,false,,24.90,0.9960,true,1,1406690
7290011131371,false,"מוזלי שקדים ואגוזים 1 ק""ג גרין",ויטליאה ניקולה דו,MK,מיזל קראנצ' אלמונד 1,גרמים,1000.00,100 גרם,false,,25.90,0.0259,true,1,1437907
7290011131395,false,"מוזלי בתוספת 30% פירות 1 ק""ג גרין",ויטליאה ניקולה דו,MK,מיזל קראנצ'30%פירות,גרמים,1000.00,100 גרם,false,,25.90,0.0259,true,1,1437908
7290011148591,false,שיני שום שלוף 500 גר,עטרה,IL,כרובית,יח',1.00,יח',false,,9.90,9.9000,true,1,1437462
7290011194215,false,מעדן גבינה ויוגורט בטעם בננה 5% שומן 88 ג' דניאלה,"שטראוס בריאות בע""מ",IL,דניאלה בננה 150 גרם,גרמים,150.00,100 גרם,false,,4.10,0.0273,true,1,1405660
7290011194246,false,קוטג' 5% עם סידן 250 ג' שטראוס,מיוצר עי קונדיטוריית,IL,גבינת קוטג 5% שטראוס,גרמים,250.00,100 גרם,false,,5.90,0.0236,true,1,1405661
7290011239213,false,עמוס חטיפים מתוקים מ,ממתקי מחרום,,ממתק מחרום 100 גרם,גרמים,100.00,100 גרם,false,,5.90,0.0590,true,1,1409520
7290011249212,false,וופל עלמה בלגי לימון 200 גר' ללא סוכר,"גילרו בע""מ",IL,ופלים בטעם לימון עלמ,גרמים,200.00,100 גרם,false,,3.50,0.0175,true,1,1419507
7290011249748,false,רולים גלילי ופל במילוי קרם שוקולד 100 ג' עלמה,"גילרו בע""מ",IL,רולים שוקו 100 גרם,גרמים,100.00,100 גרם,false,,3.90,0.0390,true,1,1413245
7290011249755,false,רולים גלילי ופל במילוי קרם אגוזים 100 ג' עלמה,"גילרו בע""מ",IL,רולים אגוז 100 גרם,גרמים,100.00,100 גרם,false,,3.90,0.0390,true,1,1413246
7290011276485,false,חסה עגולה רמי לוי,,,חסה עגולה רמי לוי,יחידה,1.00,יחידה,false,,6.90,6.9000,true,1,1420913
7290011407506,false,מגבונים לניקוי כללי,א.ש.כ,,מגבונים לניקוי כללי,יחידה,400.00,יחידה,false,,19.90,0.0497,true,1,1415079
7290011432768,false,שקית גופיה שוויצריה,,,שקית גופיה שוויצריה,יחידה,1.00,יחידה,false,,0.10,0.1000,true,1,1429953
7290011438142,false,"משקה יטבתה אייס קפה בבקבוק אישי 350 מ""ל",שטראוס גרופ,IL,אייס קפה 2% יטבתה 35,מיליליטרים,350.00,"100 מ""ל",false,,6.20,0.0177,true,1,1405663
7290011486693,false,מרשמלו ורוד לבן וסטהיים 30ג'48X בקרטון,כרמית,,מרשמלו ורוד לבן וסטה,גרמים,30.00,100 גרם,false,,1.90,0.0633,true,1,1407955
7290011499105,false,בולגרית מסורתית 5% 250 גרם -רבנות,ג'נרל מילס סאן אדריא,IL,בולגרית מסורתית 5% 2,גרמים,250.00,100 גרם,false,,22.90,0.0916,true,1,1413771
7290011499112,false,בולגרית מסורתית 16% 250 גרם - רבנות,"מיוצר ע""י dsh",IL,גבינה בולגרית 16% 25,גרמים,250.00,100 גרם,false,,23.50,0.0940,true,1,1413772
7290011499129,false,גבינה בולגרית מעודנת קוביות קטנות 5% גד 200 גרם,קוד יצרן DSH,IL,קוביות גבינה בולגרית,גרמים,200.00,100 גרם,false,,22.90,0.1145,true,1,1413773
7290011499327,false,גבינה בולגרית מעודנת 5% 250 גרם - רבנות,מיוצר על ידי DSH עבו,IL,‏בולגרית מעודנת 5% 2,גרמים,250.00,100 גרם,false,,22.90,0.0916,true,1,1413776
7290011499358,false,גבינת פטה עיזים 20% גד 200 גרם,מיוצר על ידי קוד יצר,IL,גבינת פטה מחלב עיזים,גרמים,200.00,100 גרם,false,,27.90,0.1395,true,1,1413779
7290011499365,false,גד חלומי 24% 200 גרם רובין,"מחלבות גד בע""מ",IL,חלומי 24% 200 גרם,גרמים,200.00,100 גרם,false,,20.90,0.1045,true,1,1413780
7290011499419,false,גבינה במרקם שמנת בטעם טבעי 5% ניו יורק,מחלבות גד,IL,גבינה במרקם שמנת ניו,גרמים,200.00,100 גרם,false,,11.90,0.0595,true,1,1413781
7290011499525,false,גבינת לאבנה דרוזית 9% גד 500 גרם,מחלבות גד בעמ,IL,גבינת לאבנה דרוזית 9,גרמים,500.00,100 גרם,false,,20.50,0.0410,true,1,1413782
7290011499624,false,שמנת 30% ניו יורק טבעי 200 גרם רבנות,מחלבות גד,IL,גבינת שמנת ניו יורק,גרמים,200.00,100 גרם,false,,12.90,0.0645,true,1,1413783
7290011499846,false,גבינת ריקוטה פרסקה 9% גד 300 גרם,מחלבות גד בעמ,IL,גבינת ריקוטה פרסקה 9,גרמים,300.00,100 גרם,false,,18.90,0.0630,true,1,1413785
7290011518561,false,"אקטימל תות משפחתי מארז 14X100מ""ל",מיוצר עי קונדיטוריית,IL,"אקטימל תות 14*100 מ""",מיליליטרים,1400.00,"100 מ""ל",false,,29.90,0.0214,true,1,1405665
7290011575007,false,"הפי מרסס שומר ברק למקלחון 750 מ""ל",יעקובי הפי,DE,מרסס שומר ברק למקלחו,מיליליטרים,750.00,"100 מ""ל",false,,18.90,0.0252,true,1,1438423
7290011587123,false,קרם קוקוס תומר 400 מ,Thai coconut co ltd,IL,קרם אגוזי קוקוס 400,מיליליטרים,400.00,"100 מ""ל",false,,10.00,0.0250,true,1,1407803
7290011587444,false,מוזלי קראנצ'י בתוספת 35% פירות,Vitalia nikola ltd,MK,מוזלי קראנצ'י +פירות,גרמים,600.00,100 גרם,false,,13.90,0.0232,true,1,1407806
7290011615260,false,"טורטייה 20 ס""מ קוטר וילי פוד 540 גר",מוטלוקל גידה סאנאי ט,TR,טורטייה ויליפוד 540,גרמים,540.00,100 גרם,false,,8.90,0.0165,true,1,1408429
7290011695071,false,קשיות מתקפלות 100 יחידות,אין לי שם,,קשיות מתקפלות 100יח',יחידה,100.00,יחידה,false,,4.00,0.0400,true,1,1410313
7290011695477,false,דבש טבעי מפרחי שדה,מכוורת עמק חפר,,דבש לחיץ 350 גרם,גרמים,350.00,100 גרם,false,,24.00,0.0686,true,1,1410316
7290011695712,false,חמאת בוטנים עם שברי 510 ג' NEEMAN,SUPER NUTRI,,חמאת בוטנים קרמי אדו,גרמים,510.00,100 גרם,false,,12.90,0.0253,true,1,1410323
7290011695781,false,"דבש טבעי 1 ק""ג -בד""ץ",,,"דבש טבעי 1 ק""ג -בד""ץ",גרמים,1000.00,100 גרם,false,,49.90,0.0499,true,1,1410325
7290011695934,false,נאמן לאורך זמן נייר אפייה 50יח',אופל,,נייר אפיה 50 יח',יחידה,50.00,יחידה,false,,9.90,0.1980,true,1,1410328
7290011723200,false,טחינה הר ברכה 100% שומשום טהור 500 גר,טחינה הר ברכה בעמ,IL,טחינה הר ברכה 500 גר,גרמים,500.00,100 גרם,false,,18.90,0.0378,true,1,1438461
7290011920142,false,שקיות אוכל קלין בקופ,,,שקיות אוכל קלין בקופ,יחידה,0.00,יחידה,false,,9.90,0.0000,true,1,1419098
7290011947521,false,"שמן זית כתית מעולה 750 מ""ל טעם מודגש זיתא",זיתא - י.ט.ב תעשיות,IL,שמן זית כתית מעולה ט,מיליליטרים,750.00,"100 מ""ל",false,,32.90,0.0439,true,1,1406694
7290011947798,false,זית קלמטה ללא גלעין עם שמן זית כתית מעולה,זיתא - י.ט.ב תעשיות,IL,זית קלמטה ללא גלעין,גרמים,190.00,100 גרם,false,,13.90,0.0732,true,1,1433222
7290012019265,false,"מחית תפו""ע ללא תוספת סוכר 4*113גר",Cherry growers inc,US,מחית תפוחי עץ ללא תו,גרמים,452.00,100 גרם,false,,11.00,0.0243,true,1,1407823
7290012022203,false,פריכיות קליליות חיטה,דילייט 2005,IL,קליליות פרכיות חיטה,גרמים,100.00,100 גרם,false,,13.90,0.1390,true,1,1436966
7290012022227,false,קליליות חיטה טעם טבעי,דילייט 2005,IL,קליליות פרכיות בטעם,גרמים,70.00,100 גרם,false,,11.90,0.1700,true,1,1436967
7290012022272,false,פריכיות קליליות קידס,דילייט 2005,IL,קליליות קידס פרכיות,גרמים,30.00,100 גרם,false,,10.90,0.3633,true,1,1436968
7290012025822,false,שמיר סלק אסלי 400 גרם,"סלטי שמיר 2006 בע""מ",IL,סלק אסלי 400 גרם,גרמים,400.00,100 גרם,false,,10.90,0.0273,true,1,1438326
7290012052347,false,גרנולה תענוג - ללא תוספת סוכר צימוקים ושקדים,רפאלס,IL,גרנולה תענוג - ללא ת,גרמים,1000.00,100 גרם,false,,21.90,0.0219,true,1,1429455
7290012117558,false,מקסימה מרכך כביסה מרוכז ורוד בניחוח מאסק סנו 1 ליטר,"סנו מפעלי ברונוס בע""",IL,מרכך מרוכז מאסק 1 לי,מיליליטרים,1000.00,"100 מ""ל",false,,17.90,0.0179,true,1,1410143
7290012159275,false,מיונז אמיתי 430 גרם LINA,לינה,,מיונז לינה 430 גרם,גרמים,430.00,100 גרם,false,,11.90,0.0277,true,1,1416270
7290012226014,false,נקניקיות וינר זוגלובק 800 גרם,נקניק נהריה כשר זוגל,IL,נקניקיות וינר זוגלוב,גרמים,800.00,100 גרם,false,,19.90,0.0249,true,1,1415284
7290012226076,false,חרמון הודו ועוף 200 ג' זוגלובק,זוגלובק,IL,פסטרמה חרמון הודו וע,גרמים,200.00,100 גרם,false,,9.90,0.0495,true,1,1415285
7290012226120,false,"קבנוס 135 גרם ""זוגלובק""",נקניק נהריה כשר זוגל,IL,קבנוס זוגלובק 135 גר,גרמים,135.00,100 גרם,false,,10.90,0.0807,true,1,1415324
7290012226991,false,"נקניקיות עוף באריזת ג''מבו 1.5 ק""ג זוגלובק",נקניק נהריה כשר זוגל,IL,נקניקיות ג'מבו 1.5 ק,גרמים,1500.00,100 גרם,false,,27.90,0.0186,true,1,1415332
7290012227240,false,סלמי איטלקי מעושן רמי לוי 300 גרם,,,סלמי איטלקי מעושן רמ,גרמים,300.00,100 גרם,false,,22.90,0.0763,true,1,1442892
7290012227325,false,סלמי דק דק מעושן איטלקי 120 ג' זוגלובק,זוגלובק,IL,סלמי מעושן דק דק 120,גרמים,120.00,100 גרם,false,,14.70,0.1225,true,1,1415335
7290012227400,false,נקניקיות עוף זוגלובק 800 גרם,נקניק נהריה כשר זוגל,IL,נקניקיות עוף 800 גרם,גרמים,800.00,100 גרם,false,,19.90,0.0249,true,1,1415336
7290012227974,false,פסטרמה הודו בדבש טהור דק דק דק,זוגלובק,IL,פסטרמה בדבש 120 גרם,גרמים,120.00,100 גרם,false,,14.70,0.1225,true,1,1415341
7290012227981,false,פסטרמה דק דק ברביקיו 120 ג' זוגלובק,זוגלובק,IL,פסטרמה ברביקיו 120 ג,גרמים,120.00,100 גרם,false,,14.70,0.1225,true,1,1415342
7290012227998,false,פסטרמה דק דק חזה בקר 120 ג' זוגלובק,זוגלובק,IL,חזה בקר 120 גרם,גרמים,120.00,100 גרם,false,,14.70,0.1225,true,1,1415343
7290012228018,false,נקניקיות עוף 400רמי לוי גרם,,,נקניקיות עוף רמי לוי,גרמים,400.00,100 גרם,false,,9.90,0.0248,true,1,1442893
7290012228025,false,מארז פסטרמה הודו +סלמי תה רמי לוי 800 גרם,,,סלמי תה 400 גרם+ח.עו,גרמים,800.00,100 גרם,false,,21.90,0.0274,true,1,1442894
7290012228261,false,נקנקיות קנקרס הודו ועוף ריינהולד'ס זוגלובק 300 ג',זוגלובק,IL,נקניקיות הודו פרמיום,גרמים,300.00,100 גרם,false,,21.90,0.0730,true,1,1415351
7290012228421,false,פסטרמה בדבש 120ג דק דק רמילוי,,,פסטרמה הודו בדבש דק,גרמים,120.00,100 גרם,false,,11.90,0.0992,true,1,1442896
7290012228445,false,קבנוס רמי לוי 135 גר,,,קבנוס רמי לוי 135 גר,גרמים,135.00,100 גרם,false,,9.90,0.0733,true,1,1442898
7290012245923,false,"פוטטוס (פלחי תפו""א)",,,"פוטטוס (פלחי תפו""א)",גרמים,1000.00,100 גרם,false,,13.90,0.0139,true,1,1430196
7290012275401,false,מולר בירה לבנה בקבוק גרמנית 500מל,הלניק בריויריס אוף א,GR,בקבוק בירה מולר 500,מיליליטרים,500.00,"100 מ""ל",false,,4.00,0.0080,true,1,1409175
7290012295973,false,רוקט רמי לוי.,,,רוקט רמי לוי,יחידה,1.00,יחידה,false,,9.90,9.9000,true,1,1420922
7290012404146,false,משקה שוופס מוגז תפוח,"יפאורה תבורי בע""מ",IL,שוופס מוגז תפוחים 1.,מיליליטרים,1500.00,"100 מ""ל",false,,6.70,0.0045,true,1,1407594
7290012404955,false,נקטר חמוציות ספרינג קולקשן 1.25 ליטר,"יפאורה תבורי בע""מ",IL,ספרינג Collection נק,מיליליטרים,1250.00,"100 מ""ל",false,,13.20,0.0106,true,1,1407601
7290012576607,false,"יין פרימייר אדום קברנה סובניון ומלבק 750 מ""ל","ברקן שיווק והפצה בע""",IL,יין אדום קברנה סובני,מיליליטרים,750.00,"100 מ""ל",false,,24.20,0.0323,true,1,1410735
7290012576614,false,יין Premieur לבן חצי יבש אמרלד ריזלינג קולומברד,יקבי ברקן שיווק והפצ,IL,יין לבן ריזלינג פרמי,מיליליטרים,750.00,"100 מ""ל",false,,24.20,0.0323,true,1,1410736
7290012602627,false,דבש פרחי בר חוף הכרמל 640 ג',,,דבש יערה 500 גרם,גרמים,500.00,100 גרם,false,,29.90,0.0598,true,1,1414415
7290012642036,false,"פסטה ""לה פסטה"" 400 ג' ספגטי 400 ג'",מוטלו,TR,לה פסטה 5 ספגטי 400,גרמים,400.00,100 גרם,false,,4.50,0.0113,true,1,1407828
7290012642586,false,ערמונים קלופים תומר 100 ג',Tangshan huiyuan foo,CN,ערמונים קלופים 100 ג,גרמים,100.00,100 גרם,false,,4.90,0.0490,true,1,1407832
7290012645112,false,"יוגורט עיזים בדלי 750 גרם ""חלב הארץ""",מחלבות סוסיא,IL,"יוגורט עיזים 750 מ""ל",מיליליטרים,750.00,"100 מ""ל",false,,19.90,0.0265,true,1,1405667
7290012645129,false,"יוגורט כבשים בדלי 750 גרם ""חלב הארץ""",מחלבות סוסיא,IL,"יוגורט כבשים 750 מ""ל",מיליליטרים,750.00,"100 מ""ל",false,,19.90,0.0265,true,1,1405668
7290012823398,false,מטליות חד פעמיות לניקוי הרצפה בניחוח מרכך כביסה 10יח' סנו,סנו מפעלי ברונו בעמ,IL,מטליות לחות לרצפה בנ,יחידה,1.00,יחידה,false,,12.90,12.9000,true,1,1410149
7290012936944,false,אגוז מוסקט טחון 40 גרם תבליני מימון,א.ל ייצור ושיווק תבל,IL,אגוז מוסקט טחון במיכ,גרמים,40.00,100 גרם,false,,14.90,0.3725,true,1,1413989
7290012938405,false,"רדיד אלומיניום עבה במיוחד לבישול,אפייה והקפאה.",ריינולדס,US,נייר אלומיניום דיימו,100 יחידה,1.00,100 יחידה,false,,16.90,16.9000,true,1,1441111
7290012996610,false,הפי טבליות לניקוי אסלה יעקבי 16 יחידות,ג'נרל מילס סאן אדריא,DE,טבליות לניקוי תחתית,גרמים,400.00,100 גרם,false,,14.90,0.0373,true,1,1438424
7290013089809,false,פילה אמנון קפוא במשקל,,,מעדניה - פילה אמנון,קילוגרמים,1.00,"ק""ג",true,,30.90,30.9000,true,1,1431079
7290013117212,false,בורקס פילו במילוי גבינה מעדנות 600 גר,מיוצר עי קונדיטוריית,IL,בורקס פילו גבינה מעד,גרמים,600.00,100 גרם,false,,19.90,0.0332,true,1,1411803
7290013117229,false,"בורקס פילו במילוי תפו""א מעדנות 600 גר",מיוצר עי קונדיטוריית,IL,בורקס פילו תפוחי אדמ,גרמים,600.00,100 גרם,false,,19.90,0.0332,true,1,1411804
7290013117243,false,בורקס פילו בולגרית מעדנות 600 גרם,מיוצר עי קונדיטוריית,IL,בורקס פילו בולגרית מ,גרמים,600.00,100 גרם,false,,19.90,0.0332,true,1,1411806
7290013117410,false,בצק פריך מרודד למאפים מתוקים 900 ג' מעדנות,מיוצר עי קונדיטוריית,IL,בצק פריך מתוק מרודד,גרמים,900.00,100 גרם,false,,21.90,0.0243,true,1,1411807
7290013117427,false,בצק פריך מרודד למאפים מלוחים מעדנות 2*450 גרם,מיוצר עי קונדיטוריית,IL,בצק פריך מרודד למאפי,גרמים,900.00,100 גרם,false,,24.90,0.0277,true,1,1411808
7290013144393,false,"תמצית בטעם וניל מימונס 50 מ""ל",מיוצר עי קונדיטוריית,IL,מימונס תמצית בטעם ונ,גרמים,50.00,100 גרם,false,,4.90,0.0980,true,1,1415138
7290013144614,false,"מיימונס סירופ מייפל אמיתי 100% מקנדה 236 מ""ל",הנסיך- מפעל לייצור ט,CA,מימונס סירופ מייפל א,מיליליטרים,236.00,"100 מ""ל",false,,29.90,0.1267,true,1,1415146
7290013144751,false,מימונס סירופ בטעם מייפל 500 מל,מימונס אפייה,IL,סירופ בטעם מייפל 500,מיליליטרים,500.00,"100 מ""ל",false,,13.90,0.0278,true,1,1415147
7290013145093,false,"שקד מולבן גרוס 100 גרם ""מיימונס",מימונס אפייה,IL,שקד מולבן גרוס 100 ג,גרמים,100.00,100 גרם,false,,13.50,0.1350,true,1,1428979
7290013145123,false,מיימונס שקד מולבן פרוס 100 גרם,מימונס אפייה,IL,שקד מולבן פרוס 100 ג,גרמים,100.00,100 גרם,false,,13.50,0.1350,true,1,1415159
7290013145178,false,קוקוס טחון לבן מיימונס 100 גרם,מימונס אפייה,IL,מימונס קוקוס טחון לב,גרמים,100.00,100 גרם,false,,5.00,0.0500,true,1,1415161
7290013145192,false,שומשום מיימונס 100 גרם,מימונס אפייה,IL,מימונס שומשום 100 גר,גרמים,100.00,100 גרם,false,,4.60,0.0460,true,1,1415162
7290013145215,false,שומשום מימונס 400 גרם,מיוצר עי קונדיטוריית,IL,שומשום 400 גרם,גרמים,400.00,100 גרם,false,,14.90,0.0373,true,1,1415163
7290013145628,false,מימונס סוכריות צבעוניות לקישוט 200 גרם,א.ל ייצור ושיווק תבל,IL,מימונס סוכריות צבעונ,גרמים,200.00,100 גרם,false,,9.90,0.0495,true,1,1415170
7290013145840,false,סוכר וניל מיימונס 10 יחידות,מיוצר עי קונדיטוריית,IL,סוכר וניל 10 יח' בצל,גרמים,100.00,100 גרם,false,,2.50,0.0250,true,1,1415174
7290013145857,false,אבקת אפיה מיימונס 10 יחידות,מימונס אפייה,IL,אבקת אפיה 10 יח' בצל,גרמים,100.00,100 גרם,false,,2.50,0.0250,true,1,1415175
7290013145918,false,אבקת סוכר מיימונס 100 גרם,א.ל. ייצור ושיווק תב,IL,מימונס אבקת סוכר 100,גרמים,100.00,100 גרם,false,,2.00,0.0200,true,1,1415178
7290013145963,false,שמרים יבשים בוואקום מיימונס 125 גרם,מימונס אפייה,CN,מימונס שמרים יבשים ב,גרמים,125.00,100 גרם,false,,5.90,0.0472,true,1,1415181
7290013145970,false,קורנפלור מימונס בשקית 200 ג',א.ל ייצור ושיווק תבל,IL,מימונס קורנפלור 200,גרמים,200.00,100 גרם,false,,3.90,0.0195,true,1,1415182
7290013146304,false,קורנפלור 500 גרם מימונס.,מימונס אפייה,IL,מימונס קורנפלור 500,גרמים,500.00,100 גרם,false,,7.50,0.0150,true,1,1415187
7290013146724,false,אבקת אייס קפה 350 גרם מימונס,מימונס אפייה,IL,אבקה להכנת אייס קפה,גרמים,350.00,100 גרם,false,,18.90,0.0540,true,1,1437689
7290013146816,false,אבקת סוכר מימונס 500 ג',א.ל ייצור ושיווק תבל,IL,אבקת סוכר שקית 500 ג,גרמים,500.00,100 גרם,false,,7.90,0.0158,true,1,1415199
7290013153432,false,"פריגת סחוט לימונענע 400 מ""ל",היינץ צפון אמריקה מק,IL,"סחוט לימונענע 400 מ""",מיליליטרים,400.00,"100 מ""ל",false,,9.90,0.0248,true,1,1413612
7290013215017,false,פטריות זוגות חוות השמפניון,אראל תוצרת חקלאית בע,IL,דואט פטריות,יחידה,1.00,יחידה,false,,17.90,17.9000,true,1,1432358
7290013268884,false,"נוזל רצפות מאסק 2 ליטר ""ריצפז פרש""",מיוצר עי קונדיטוריית,IL,ריצפז פרש מאסק 2 ליט,מיליליטרים,2000.00,"100 מ""ל",false,,18.90,0.0094,true,1,1410155
7290013269003,false,מרכך כביסה סופר מרוכז בייבי לתינוקות ולעור רגיש,"סנו מפעלי ברונוס בע""",IL,מקסימהמרכך מרוכז 1 ל,מיליליטרים,1000.00,"100 מ""ל",false,,17.90,0.0179,true,1,1410158
7290013269287,false,סנו - מקסימה ג'ל כביסה מרוכז מאסק 3 ליטר,"סנו מפעלי ברונוס בע""",IL,מקסימה ג'ל כביסה 3 ל,מיליליטרים,3000.00,"100 מ""ל",false,,29.90,0.0100,true,1,1410159
7290013284310,false,רוטב פסטה לילדים 240 גרם פריניר,פריניר ( הדס 1987) ב,IL,רוטב פסטה לילדים פרי,גרמים,240.00,100 גרם,false,,5.50,0.0229,true,1,1413250
7290013389114,false,ניוקי תפוח אדמה 500 ג' לה פסטה,לה פסטה La' Pasta,,"לה פסטה ניוקי תפו""""א",גרמים,500.00,100 גרם,false,,9.00,0.0180,true,1,1407835
7290013389145,false,"ניוקי 500 ג' ""לה פסטה"" מיני 500 גר' 12X",לה פסטה La' Pasta,,לה פסטה ניוקי מיני 5,גרמים,500.00,100 גרם,false,,9.00,0.0180,true,1,1407838
7290013389374,false,קמח תירס פולנטה תומר 500ג',פיקטה piccata,,קמח תירס 500 גרם,גרמים,500.00,100 גרם,false,,7.90,0.0158,true,1,1407839
7290013430090,false,בירה אלכסנדר אמברה AMBREE בירה ישראלית,מנדלז סי.אר. פרודקשן,IL,בירה אלכסנדר אמברה 3,מיליליטרים,330.00,"100 מ""ל",false,,12.90,0.0391,true,1,1434323
7290013472199,false,ערמונים קלופים וקלויים 105 גרם,בייג'גג פוינונג,CN,ערמונים קלופים וקלוי,גרמים,100.00,100 גרם,false,,5.90,0.0590,true,1,1408435
7290013472892,false,בולגריה קוביות במי מלח - מרכיבי חלב ושומן צמחי,"קוליוס אס.איי, גריק",GR,הבולגריה בקוביות 200,גרמים,200.00,100 גרם,false,,10.90,0.0545,true,1,1408437
7290013542526,false,כוסות נייר שתיה חמה,כוסות שתייה חמה 3 ב,CN,כוסות נייר שתיה חמה,יחידה,50.00,יחידה,false,,11.90,0.2380,true,1,1432219
7290013585233,false,"ספרייט זירו פחית סליק 330 מ""ל",גוד פוד פרודקטס S.p,IL,סליק ספרייט זירו 330,מיליליטרים,330.00,"100 מ""ל",false,,6.20,0.0188,true,1,1413523
7290013585257,false,ספרייט זירו בבקבוק אישי,החברה המרכזית לייצור,IL,"ZERO ספרייט 500 מ""ל",מיליליטרים,500.00,"100 מ""ל",false,,6.50,0.0130,true,1,1413525
7290013585387,false,קוקה קולה זירו בקבוק,פארייפאבה אגרואינדוס,IL,קוקה קולה זירו בקבוק,מיליליטרים,1000.00,"100 מ""ל",false,,6.90,0.0069,true,1,1413529
7290013585394,false,קוקה קולה 1ליטר בודד,פארייפאבה אגרואינדוס,IL,קוקה קולה בקבוק 1 לי,מיליליטרים,1000.00,"100 מ""ל",false,,7.50,0.0075,true,1,1413530
7290013585967,false,מארז ספרייט זירו 6 * 330 פח Fridge- pack,קוקה קולה ישראל,IL,שישיית פחיות ספרייט,מיליליטרים,1980.00,"100 מ""ל",false,,25.70,0.0130,true,1,1413537
7290013608260,false,פרימור מיץ רימונים 100% סחוט טרי 1ל',"גניר (1992) בע""מ",IL,מיץ רימונים 100% סחו,מיליליטרים,1000.00,"100 מ""ל",false,,22.90,0.0229,true,1,1405676
7290013843968,false,כוסות קרטון 8 אוז 50 יח',כוסות שתייה חמה 3 ב,,כוסות נייר שתיה חמה,יחידה,50.00,יחידה,false,,11.90,0.2380,true,1,1415626
7290013847102,false,נתחי טונה בהירה בשמן - מארז שלישיה,סטארקיסט Starkist,TR,נתחי טונה בשמן סטארק,גרמים,240.00,100 גרם,false,,13.90,0.0579,true,1,1427880
7290013847645,false,סטארקיסט טונה בשמן זית 80 גר' שלישיות,סטארקיסט Starkist,TR,טונה בהירה בשמן זית,גרמים,240.00,100 גרם,false,,17.90,0.0746,true,1,1428495
7290013847867,false,מארז זוג טונה בשמן סויה 140 ג' סטארקיסט,טונה ויטנאם קו. אל.ט,IL,טונה בהירה בשמן קנול,גרמים,280.00,100 גרם,false,,12.90,0.0461,true,1,1438310
7290013906205,false,פסטרמה עם שום וצילי טירת צבי 400 ג',הנסיך- מפעל לייצור ט,IL,פסטרמה שום וצ'לי 400,גרמים,400.00,100 גרם,false,,26.90,0.0672,true,1,1423892
7290013906229,false,נקניק הודו טירת צבי 750 ג',,,נקניק הודו 750 גרם ט,גרמים,750.00,100 גרם,false,,14.90,0.0199,true,1,1427865
7290013906236,false,סלמי גלבוע טירת צבי 400 ג',הנסיך- מפעל לייצור ט,IL,סלמי גלבוע 400 גרם ט,גרמים,400.00,100 גרם,false,,21.90,0.0547,true,1,1427866
7290013906489,false,חטיפי מיני קבנוס 120 ג' טירת צבי,הנסיך- מפעל לייצור ט,IL,חטיפי קבנוס 120 גרם,גרמים,120.00,100 גרם,false,,11.90,0.0992,true,1,1411818
7290014002197,false,חליטת קמומיל ולימונית ויסוצקי 25 יחידות,תה ויסוצקי,IL,חליטת קמומיל ולימוני,יחידה,25.00,יחידה,false,,17.90,0.7160,true,1,1406704
7290014002203,false,חליטת לימונית ולואיזה ויסוצקי 25 יחידות,תה ויסוצקי,IL,חליטת צמחים לימונית,יחידה,25.00,יחידה,false,,17.90,0.7160,true,1,1406705
7290014002944,false,גן קסום חליטת פירות וצמחים חמדת שקד 25 שקיקים,תה ויסוצקי,IL,חליטת חמדת השקד הגן,יחידה,25.00,יחידה,false,,17.50,0.7000,true,1,1406706
7290014046047,false,צמד פסטרמות 600 ג' יחיעם,מעדני יחיעם 1993,IL,צמד פסטרמות 600 גרם,גרמים,600.00,100 גרם,false,,22.90,0.0382,true,1,1429435
7290014046757,false,סלמי תה מעדני יחיעם,מעדני יחיעם,IL,סלמי תה 300 גרם,גרמים,300.00,100 גרם,false,,21.90,0.0730,true,1,1414539
7290014083479,false,גבינת גאודה פרוסה 29% וילי פוד 150 גרם,ג.וילי פוד אינטרנשיו,IL,גבינת גאודה פרוסות 2,גרמים,150.00,100 גרם,false,,9.90,0.0660,true,1,1408442
7290014083813,false,וילי פוד מריגה שפרוטים מעושנים בשמן 190ג,הנסיך- מפעל לייצור ט,LV,שפרוטים מעושנים בשמן,גרמים,190.00,100 גרם,false,,8.90,0.0468,true,1,1408446
7290014094352,false,אגוז מלך טבעי בקופסא,"שקדיה גבע תעשיות בע""",,אגוזים קלופים 200 גר,גרמים,200.00,100 גרם,false,,15.90,0.0795,true,1,1439877
7290014094543,false,"תרסיס שמן קנולה שקדיה 186 מ""ל",שקדיה,TR,תרסיס שמן קנולה שקדי,מיליליטרים,170.00,"100 מ""ל",false,,14.90,0.0876,true,1,1437581
7290014094628,false,פקאן טבעי 200 ג' בקופסא,"דין שיווק וקלייה בע""",IL,פקאן טבעי 200 קופסא,גרמים,200.00,100 גרם,false,,27.90,0.1395,true,1,1439883
7290014094796,false,משמש מיובש 300 גרם ששון הקולה,"דין שיווק וקלייה בע""",,משמש מיובש שקית 300,גרמים,300.00,100 גרם,false,,19.90,0.0663,true,1,1439885
7290014094826,false,שזיפים מיובשים ללא גלעין 300 ששון הקולה,"דין שיווק וקלייה בע""",,שזיף מיובש מגולען שק,גרמים,300.00,100 גרם,false,,21.90,0.0730,true,1,1439887
7290014094840,false,צימוק כהה 300 גרם ששון הקולה,"דין שיווק וקלייה בע""",US,צימוק כהה שקית 300 ג,גרמים,300.00,100 גרם,false,,11.90,0.0397,true,1,1439889
7290014256637,false,"יין מבעבע מוסקטו באזז יקבי כרמל 750 מ""ל",יקבי כרמל Carmel Winery,IL,יין מבעבע לבן מתוק ב,מיליליטרים,750.00,"100 מ""ל",false,,27.90,0.0372,true,1,1417025
7290014397507,false,מבשם אויר סנו פרש הום בניחוח מאסק מעודן 350 מ''ל,מיוצר עי קונדיטוריית,IL,מבשם לבית בניחוח מאס,מיליליטרים,350.00,"100 מ""ל",false,,11.90,0.0340,true,1,1410170
7290014435810,false,הרינג כבוש ובצל במרינת חמוץ מתוק שמיר 180 ג',שבעת הימים - שמיר,IL,הרינג כבוש עם בצל 33,גרמים,330.00,100 גרם,false,,19.90,0.0603,true,1,1438330
7290014435834,false,מקרל מעושן פרוס בשמן 180 גרם,שבעת הימים - שמיר,IL,מקרל מעושן פרוס בשמן,גרמים,180.00,100 גרם,false,,24.90,0.1383,true,1,1438332
7290014435872,false,סלט הרינג ומיונז שמיר 250ג',שבעת הימים - שמיר,IL,סלט הרינג עם מיונז 1,גרמים,180.00,100 גרם,false,,19.90,0.1106,true,1,1438334
7290014435896,false,סלט סלומון עם מיונז 180 גר',שבעת הימים - שמיר,IL,סלט סלמון עם מיונז 1,גרמים,180.00,100 גרם,false,,22.90,0.1272,true,1,1438336
7290014455245,false,גבינת גרנה פדנו משולש 29% 200 גרם בית יוסף,מחלבת סוציאלה מנטובה,IT,גבינת גרנה פדנו קשה,גרמים,200.00,100 גרם,false,,25.90,0.1295,true,1,1413787
7290014455252,false,גבינה קשה מגורדת גרנה פדנו 29% שומן,מחלבות גד שיווק 1992,IT,פרמז'ן גרנה פדנו מגו,גרמים,100.00,100 גרם,false,,12.40,0.1240,true,1,1413788
7290014455320,false,גבינה כדורי מוצרלה פרסקה גד 100ג',מוצרלה פרסקה 2 ב 15,IL,מוצרלה פרסקה 100 גרם,גרמים,100.00,100 גרם,false,,9.80,0.0980,true,1,1413789
7290014455467,false,ירח מתוק מעדן חלב 2% ושיבולת שועל גד 150ג',מחלבות גד,IL,מעדן שיבולת שועל וחל,גרמים,150.00,100 גרם,false,,5.90,0.0393,true,1,1413790
7290014459472,false,"צ'יפס קפוא תפוגן 2 ק""ג כשל""פ","תעשיות תפוגן בע""מ",IL,תפוגן צ'יפס קלאסי 2,גרמים,2000.00,100 גרם,false,,26.90,0.0134,true,1,1436699
7290014472136,false,גרעין שחור קלוי ששון הקולה 150 ג',"דין שיווק וקלייה בע""",IL,גרעין שחור קלוי 150,גרמים,150.00,100 גרם,false,,4.90,0.0327,true,1,1441819
7290014534674,false,"פסטה ""לה פסטה"" 400 ג' פרפר 400 ג'",מוטלו,TR,פסטה פארפלה חיטה דור,גרמים,400.00,100 גרם,false,,4.50,0.0113,true,1,1407847
7290014534681,false,"פסטה ""לה פסטה"" 400 ג' בורג 400 ג'",מוטלו,TR,פסטה פוסילי 100% חיט,גרמים,400.00,100 גרם,false,,4.50,0.0113,true,1,1407848
7290014534698,false,"פסטה ""לה פסטה"" 400 ג' תלתל 400 ג'",מוטלו,TR,פסטה תלתל חיטה דורום,גרמים,400.00,100 גרם,false,,4.50,0.0113,true,1,1407849
7290014534704,false,"פסטה ""לה פסטה"" 400 ג' אטריות מרק 400 ג'",מוטלו,TR,אטריות מרק ורמיצ'לי,גרמים,400.00,100 גרם,false,,4.50,0.0113,true,1,1407850
7290014634077,false,ריבת רוסמן לייט תות שדה 500 גרם,הדרום תעשיות מזון בע,IL,ריבת פירות לייט 500,גרמים,500.00,100 גרם,false,,23.00,0.0460,true,1,1406108
7290014634091,false,ריבת רוסמן לייט משמש 500 גרם,,,קונפיטורה פטל לייט 5,גרמים,500.00,100 גרם,false,,23.00,0.0460,true,1,1406110
7290014648685,false,פדים קוסמטיים להסרת,,,פדים קוסמטיים להסרת,יחידה,80.00,יחידה,false,,4.90,0.0613,true,1,1411943
7290014648692,false,צמר גפן כדורים 72 יח אריזה פסגור,,,כדורי צמר גפן לה בל,יחידה,72.00,יחידה,false,,6.90,0.0958,true,1,1421146
7290014649033,false,שלישיית ספוגי רחצה לאמבט מפנק,,,ספוגי רחצה עדינים לא,יחידה,3.00,יחידה,false,,9.90,3.3000,true,1,1411947
7290014673038,false,תערובת עשבי תיבול טוסקנה 120 גרם,א.ל ייצור ושיווק תבל,IL,תערובת תיבול טוסקנה,גרמים,120.00,100 גרם,false,,11.90,0.0992,true,1,1437692
7290014692299,false,גבינת ברי 125 ג' קסטיאלו ויליפוד,יורו צ'יז Euro Cheese,DK,גבינת ברי עם עובש לב,גרמים,125.00,100 גרם,false,,19.90,0.1592,true,1,1408448
7290014692305,false,גבינת קממבר 125ג' CASTELLO ויליפוד,הנסיך- מפעל לייצור ט,DK,גבינת קממבר בשלה עם,גרמים,125.00,100 גרם,false,,19.90,0.1592,true,1,1408449
7290014692541,false,גבינת golden מגורדת 500 גרם,ג.וילי פוד אינטרנשיו,IL,אמה מגורדת 500 גרם E,גרמים,500.00,100 גרם,false,,22.90,0.0458,true,1,1408450
7290014692565,false,וילי פוד גרעיני תירס 320 גרם,אקו קונסרויפרי קי.אפ,HU,גרעיני תירס מתוק ויל,גרמים,320.00,100 גרם,false,,5.90,0.0184,true,1,1408451
7290014692749,false,"שמן זית כתית מעולה 750 מ""ל ויליפוד",אסטיאס בורגס,ES,שמן זית כתית מעולה ו,גרמים,750.00,100 גרם,false,,32.90,0.0439,true,1,1408454
7290014692817,false,גבינת מוצרלה מגורדת 200 ג' EURO CHEESE ויליפוד,הנסיך- מפעל לייצור ט,IL,מוצרלה מגורדת חצי קש,גרמים,200.00,100 גרם,false,,14.80,0.0740,true,1,1408455
7290014731264,false,"כוס שתיה ח""פ ר.שמאי 100יח'",רם,,שרוול כוסות לשתיה קר,יחידה,100.00,יחידה,false,,7.90,0.0790,true,1,1419467
7290014748651,false,דג טוב פילה אמנון מצופה נתח שלם 360 גרם,מוצרי עוף טוב (2001),IL,פילה אמנון מצופה נתח,גרמים,360.00,100 גרם,false,,32.90,0.0914,true,1,1407160
7290014749245,false,ספיישל רצועות שניצל שומשום עוף טוב 600 גרם,מוצרי עוף טוב (2001),IL,צ'ונגו רצועות שניצל,100 0,600.00,100 0,false,,34.90,0.0582,true,1,1431578
7290014749764,false,עוף טוב שניצל עוף ביתי עדין כזה 700 גרם,מוצרי עוף טוב (2001),IL,שניצל עוף ביתי עדין,גרמים,700.00,100 גרם,false,,44.90,0.0641,true,1,1433192
7290014758100,false,מאגדת יוגורט ביו 3% שומן 8 יח' *150ג' תנובה,מיוצר עי קונדיטוריית,IL,יוגורט ביו 3% תנובה,יחידה,8.00,יחידה,false,,16.90,2.1125,true,1,1411534
7290014758117,false,מאגדת יוגורט ביו 1.5% שומן 8 יח' *150 ג' תנובה,מיוצר עי קונדיטוריית,IL,יוגורט ביו 1.5% תנוב,יחידה,8.00,יחידה,false,,16.90,2.1125,true,1,1411535
7290014758162,false,חלב עיזים מלא 3.6% קרטון 1 ל' תנובה,תנובה מרכז שיתופי לש,IL,חלב עיזים מלא 3.6% ת,מיליליטרים,1000.00,"100 מ""ל",false,,14.90,0.0149,true,1,1411538
7290014758681,false,קוטג תנובה 1% גביע 250 גרם,מיוצר עי קונדיטוריית,IL,קוטג 1% תנובה 250 גר,גרמים,250.00,100 גרם,false,,5.70,0.0228,true,1,1411540
7290014759084,false,גבינת שמנת 16% בטעם טבעי 225 ג' נפוליאון,תנובה מרכז שיתופי לש,IL,נפוליאון גבינת שמנת,גרמים,225.00,100 גרם,false,,13.90,0.0618,true,1,1411541
7290014759909,false,פטה עיזים 5% פיראוס גביע 250 גרם,"תנובה, מחלבת טנא נוג",IL,פטה עיזים 5% פיראוס,גרמים,250.00,100 גרם,false,,27.90,0.1116,true,1,1422730
7290014760134,false,מעדן סויה בטעם וניל אלטרנטיב,תנובה Alternative,IL,מאגדת מעדן סויה וניל,גרמים,250.00,100 גרם,false,,4.20,0.0168,true,1,1411550
7290014760141,false,משקה שקדים תנובה E אלטרנטיב,תנובה Alternative,IL,משקה שקדים טרי 1 ליט,מיליליטרים,1000.00,"100 מ""ל",false,,12.90,0.0129,true,1,1411551
7290014760912,false,פרוסות גבינה 28% שומן 400 ג' גוש חלב,תנובה מרכז שיתופי לש,IL,פרוסות גבינה חצי קשה,גרמים,400.00,100 גרם,false,,27.90,0.0697,true,1,1411555
7290014761056,false,מעדן שוקולד חלב מעולה 123 ג' יולו,מיוצר עי קונדיטוריית,IL,מעדן חלב עם שוקולד ח,גרמים,123.00,100 גרם,false,,4.70,0.0382,true,1,1411556
7290014761063,false,מעדן שוקולד מריר מעולה 123 ג' יולו,מיוצר עי קונדיטוריית,IL,מעדן חלב עם שוקולד מ,גרמים,123.00,100 גרם,false,,4.70,0.0382,true,1,1411557
7290014761070,false,מעדן שוקולד לבן מעולה 123 ג' יולו,מיוצר עי קונדיטוריית,IL,מעדן חלב עם שוקולד ל,גרמים,123.00,100 גרם,false,,4.70,0.0382,true,1,1411558
7290014761193,false,יוגורט עם פירות יער 1.5% שומן 125 ג' פרילי,תנובה מרכז שיתופי לש,IL,פרילי פירות יער 1.5%,מיליליטרים,125.00,"100 מ""ל",false,,3.50,0.0280,true,1,1411559
7290014761414,false,יולו מעדן שכבות שוקולד חלב ולבן 123 גר,מיוצר עי קונדיטוריית,IL,מעדן חלב עם שכבות שו,גרמים,123.00,100 גרם,false,,4.70,0.0382,true,1,1411562
7290014761612,false,YOLO מעדן שכבות שוקולד מריר ולבן מעולה,מיוצר עי קונדיטוריית,IL,מעדן שכבות שוקולד לב,גרמים,123.00,100 גרם,false,,4.70,0.0382,true,1,1411563
7290014762800,false,מעדן סויה שוקולד גביע 125 גרם אלטרנטיב,תנובה מרכז שיתופי לש,IL,מעדן סויה שוקולד גבי,גרמים,125.00,100 גרם,false,,4.20,0.0336,true,1,1411577
7290014763272,false,יוגורט סויה BIO לשתיה תות ובננה אלטרנטיב,תות תעשיות מזון (201,IL,יוגורט סויה לשתיה תו,מיליליטרים,250.00,"100 מ""ל",false,,5.80,0.0232,true,1,1411582
7290014763395,false,גבינה צהובה עמק פרוס 28% 600 גרם מהדרין,תנובה מרכז שיתופי לש,IL,עמק סמי מעדניה 600 ג,גרמים,600.00,100 גרם,false,,32.90,0.0548,true,1,1411585
7290014803206,false,"חומץ יין אדום 5% 500מ""ל",COMTEMP,,חומץ בן יין אדום 5%,מיליליטרים,500.00,"100 מ""ל",false,,15.90,0.0318,true,1,1421121
7290014803565,false,צנימים עגולים עם חיטה מלאה 300 גרם,NEWLAT,,צנימים עגולים עם קמח,גרמים,300.00,100 גרם,false,,13.90,0.0463,true,1,1410346
7290014803732,false,ניוקי קטנים מתפוח אד,,,ניוקי קטנים מתפוח אד,יחידה,0.00,יחידה,false,,8.00,0.0000,true,1,1421904
7290014905160,false,"הפי מטהר אוויר פניני ריח בניחוחות, 130 גרם",יוליניבר,IT,פניני ריח הפי 130 גר,גרמים,130.00,100 גרם,false,,12.90,0.0992,true,1,1438425
7290014905498,false,הפי מטליות דו צדדיות בגליל 20 מטליות,ג'נרל מילס סאן אדריא,TR,גם וגם - מטלית דו צד,יחידה,20.00,יחידה,false,,12.90,0.6450,true,1,1438517
7290014905696,false,"נוזל כלים הפי מרוכז 24% לימון 750 מ""ל",יעקובי הפי,IL,נוזל לכלים - 24% חומ,מיליליטרים,750.00,"100 מ""ל",false,,8.90,0.0119,true,1,1438518
7290014974876,false,גלילי ופל במילוי קרם אגוז ל.גלוטן 100 גר,כרמית תעשיות ממתקים,IL,רולים אגוז ללא גלוטן,גרמים,100.00,100 גרם,false,,7.50,0.0750,true,1,1413258
7290015014082,false,לבבות קיסר 250 גרם,,,לבבות קיסר 250 גרם,גרמים,250.00,100 גרם,false,,10.90,0.0436,true,1,1442854
7290015014182,false,לבבות קיסר בנספק רמי לוי,,,לבבות קיסר בשקית רמי,יחידה,1.00,יחידה,false,,9.90,9.9000,true,1,1420932
7290015014274,false,צנוניות רמי לוי 500ג,,,צנוניות רמי לוי 500,גרמים,500.00,100 גרם,false,,5.90,0.0118,true,1,1420934
7290015014465,false,רוזמרין רמילוי,,,רוזמרין,יחידה,1.00,יחידה,false,,5.90,5.9000,true,1,1420937
7290015014472,false,קורנית(בוסתן),,,טימין תקומה,יחידה,1.00,יחידה,false,,5.90,5.9000,true,1,1420938
7290015039055,false,"רוטב צ'ילי חריף תאילנדי וילי פוד 700 מ""ל",הנסיך- מפעל לייצור ט,TH,רוטב צילי חריף 700 מ,מיליליטרים,700.00,"100 מ""ל",false,,8.90,0.0127,true,1,1408456
7290015039246,false,נתחי טונה בשמן צמחי רביעיה * 160 ג' וילי פוד,וילי פוד,TH,נתחי טונה בהירה בשמן,גרמים,640.00,100 גרם,false,,21.90,0.0342,true,1,1408458
7290015039338,false,נתחי טונה במי מלח רביעיה * 160 ג' וילי פוד,וילי פוד,IL,נתחי טונה במי מלח וי,גרמים,640.00,100 גרם,false,,21.90,0.0342,true,1,1408460
7290015139267,false,שוקולד מריר עם שקדים ללא תוספת סוכר וסטהיים,כרמית תעשיות ממתקים,IL,שוקולד מריר עם שקדים,גרמים,85.00,100 גרם,false,,5.90,0.0694,true,1,1407969
7290015150088,false,מחית עגבניות גראנד איטליה 700 גרם,שוורצקוף& הנקל דיסלד,IT,מחית עגבניות קלה גרא,גרמים,700.00,100 גרם,false,,12.30,0.0176,true,1,1422679
7290015150118,false,עגבניות חתוכות דק בלה איטליה 3*400 ג',אמיליאנה קונסרב ס.פ.,IL,עגבניות חתוכות דק 3*,גרמים,1200.00,100 גרם,false,,16.80,0.0140,true,1,1406709
7290015155830,false,מחית תפוחי עץ ובננה חטיפטף ללא תוספת סוכר,פרוטה פודווין איי.אס,CZ,פאוץ' פרינוק תפוח בנ,גרמים,120.00,100 גרם,false,,6.50,0.0542,true,1,1408865
7290015155847,false,מחית סלט פירות חטיפטף ללא תוספת סוכר,פרוטה פודיווין איי.א,CZ,פאוץ' פרינוק סלט פיר,גרמים,120.00,100 גרם,false,,6.50,0.0542,true,1,1430123
7290015193559,false,מעדני המלך אובלטים מלוחים 300 גרם,אם החיטה,IL,אובלטים מלוחים מעדני,גרמים,300.00,100 גרם,false,,9.90,0.0330,true,1,1437685
7290015193566,false,מעדני המלך אובלטים שומשום 300 גרם,אם החיטה,IL,אובלטים שומשום מעדני,גרמים,300.00,100 גרם,false,,9.90,0.0330,true,1,1437686
7290015193634,false,אובלטים דקיקים קימל מעדני המלך 300 גר',אם החיטה,IL,אובלטים קימל מעדני מ,גרמים,300.00,100 גרם,false,,9.90,0.0330,true,1,1437687
7290015193832,false,קרקר עם שומשום ארומה 300 גרם,פפושדו,IL,ארומה קרקר שומשום 30,גרמים,300.00,100 גרם,false,,7.50,0.0250,true,1,1413264
7290015193849,false,קרקר עם מלח ארומה 300 גרם,פפושדו,IL,ארומה קרקר מלח 300גר,גרמים,300.00,100 גרם,false,,7.50,0.0250,true,1,1413265
7290015223898,false,"אסותא ג'ל אלכוהול 500 מ""ל",,IL,אסותא ג'ל אלכוהול 50,גרמים,500.00,100 גרם,false,,14.90,0.0298,true,1,1427872
7290015282000,false,איקרא אדומה SEVEN SEAS 200 גרם,שבעת הימים - שמיר,IL,איקרה אדומה 200 גרם,גרמים,200.00,100 גרם,false,,13.90,0.0695,true,1,1438337
7290015282024,false,איקרא לבנה SEVEN SEAS 200 גרם,שבעת הימים - שמיר,IL,איקרה לבנה 200 גרם,גרמים,200.00,100 גרם,false,,13.90,0.0695,true,1,1438339
7290015282598,false,חומוס שמיר מסעדות 200 גר',"סלטי שמיר 2006 בע""מ",IL,חומוס מסעדות 200 גרם,גרמים,200.00,100 גרם,false,,10.90,0.0545,true,1,1438341
7290015282628,false,חציל שמיר בטעם כבד 200 גר',"סלטי שמיר 2006 בע""מ",IL,חציל בטעם כבד 200 גר,גרמים,200.00,100 גרם,false,,11.90,0.0595,true,1,1438343
7290015282673,false,חציל שמיר במיונז ביתי 200 גורמה גר',"סלטי שמיר 2006 בע""מ",IL,חציל במיונז ביתי 200,גרמים,200.00,100 גרם,false,,10.90,0.0545,true,1,1438344
7290015282741,false,חציל תאילנדי אסלי שמיר 200 ג',"סלטי שמיר 2006 בע""מ",IL,חציל תאילנדי 200 גרם,גרמים,200.00,100 גרם,false,,11.90,0.0595,true,1,1438346
7290015348089,false,"למברוסקו אדום ביאנקו 750 מ""ל ""אמיליאנו""",vi.mo - גאטטיקו,IL,יין לבן מבעבע חצי יב,יחידה,0.00,יחידה,false,,27.90,0.0000,true,1,1429078
7290015395939,false,חטיף אורז בטעם מתוק מלוח 120 גרם,דין שיווק,IL,חטיף יפני 150 גרם-שש,גרמים,150.00,100 גרם,false,,15.90,0.1060,true,1,1430030
7290015530910,false,חלה חצי מתוקה 350 גר,,,חלה חצי מתוקה 350 גר,גרמים,350.00,100 גרם,false,,5.90,0.0169,true,1,1417533
7290015597210,false,מאגדת טילון קורנטו פרווה טבעוני-וויגן פרנדלי,"גלידת שטראוס בע""מ, ר",IL,מאגדת קורנטו וניל פר,יחידה,6.00,יחידה,false,,33.90,5.6500,true,1,1416819
7290015597937,false,קורנטו וניל קלאסי שטראוס 70 גר,"מיוצר ע""י גלידת שטרא",IL,טילון קורנטו קלאסיק,יחידה,1.00,יחידה,false,,6.90,6.9000,true,1,1416823
7290015603195,false,איטריות בתוספת תרד 454 גרם,פוגקן לונגהי אנלידה,CN,אטריות תרד 454 גרם,גרמים,454.00,100 גרם,false,,10.90,0.0240,true,1,1412128
7290015603218,false,איטריות בתוספת עגבניות 454 גרם,פוגקן לונגהי אנלידה,CN,איטריות עם עגבניות 4,גרמים,454.00,100 גרם,false,,10.90,0.0240,true,1,1412130
7290015603232,false,איטריות בתוספת דלעת 454 גרם,פוגקן לונגהי אנלידה,CN,איטריות עם דלעת 454,גרמים,454.00,100 גרם,false,,10.90,0.0240,true,1,1412132
7290015603591,false,גינגר כבוש וורוד 160 גרם,ננטונג הידה אקוטיק פ,CN,ג'ינג'ר ורוד כבוש לל,גרמים,160.00,100 גרם,false,,7.90,0.0494,true,1,1412136
7290015603638,false,"אורז קלרוז 1 ק""ג (כ) (Minh)",מינה פונג גרין אגריק,CN,"אורז קלרוז 1 ק""ג",גרמים,1000.00,100 גרם,false,,11.90,0.0119,true,1,1412137
7290015652070,false,קשיו קלוי 150 גרם ששון הקולה,"דין שיווק וקלייה בע""",IL,קשיו קלוי 150 גרם שק,גרמים,150.00,100 גרם,false,,12.90,0.0860,true,1,1435473
7290015652087,false,תערובת פיצוחים 150 גרם ששון הקולה,דין שיווק,IL,תערובת פיצוחים 150 ג,גרמים,150.00,100 גרם,false,,12.90,0.0860,true,1,1435474
7290015681735,false,מיזלי צימוקים תפוח רמי לוי 400 גרם,דין שיווק,,מיזלי תפוח קינמון 40,גרמים,400.00,100 גרם,false,,10.90,0.0273,true,1,1429460
7290015681759,false,מיזלי פירות רמי לוי,רמי לוי,,מיזלי פירות 400 גרם,גרמים,400.00,100 גרם,false,,10.40,0.0260,true,1,1429456
7290015681773,false,קינואה רמי לוי 400 גרם,דין שיווק,,קינואה 400 גרם - רמי,גרמים,400.00,100 גרם,false,,10.90,0.0273,true,1,1429461
7290015681780,false,גרנולה פירות רמי לוי 400 גרם,רמי לוי,,גרנולה פירות 400 גרם,גרמים,400.00,100 גרם,false,,10.90,0.0273,true,1,1429457
7290015781114,false,"יין אימפרשן מרלו 750 מ""ל",יקב טפרברג 1870 בעמ,IL,יין אדום יבש מרלו אי,מיליליטרים,750.00,"100 מ""ל",false,,49.90,0.0665,true,1,1417353
7290015781299,false,יין שיראז אדום טפמבר,יקב טפרברג 1870 בעמ,IL,יין אדום יבש שיראז ו,מיליליטרים,750.00,"100 מ""ל",false,,39.90,0.0532,true,1,1417361
7290015821179,false,כווסת קרטון לשתייה חמה,,,כוסות נייר שתיה חמה,יחידה,50.00,יחידה,false,,11.90,0.2380,true,1,1439000
7290015834339,false,דבש בצנצנת רמי לוי 350 גרם,דבש עמק חפר,RO,דבש בצנצנת רמי לוי 3,גרמים,350.00,100 גרם,false,,16.70,0.0477,true,1,1416392
7290015834445,false,"ציפס סטיק רמי לוי 2 ק""ג",קפוא-זן,BE,רמי לוי סטיק צ'יפס 2,גרמים,2000.00,100 גרם,false,,23.90,0.0119,true,1,1413850
7290015834469,false,פרוסות דקל רמי לוי 220 גרם,טעמן,,לבבות דקל פרוסות במי,גרמים,400.00,100 גרם,false,,7.90,0.0198,true,1,1416393
7290015834483,false,דבש לחיץ רמי לוי 250 גרם,רמי לוי,IL,דבש טהור מפרחי בר לח,גרמים,250.00,100 גרם,false,,12.90,0.0516,true,1,1416394
7290015835060,false,כריות קרצוף רמי לוי 10 יח,רמי לוי,,כריות קרצוף 10 יחידו,יחידה,10.00,יחידה,false,,5.90,0.5900,true,1,1417143
7290015835114,false,צמר פלדה רמי לוי 100 גרם,רמי לוי,,צמר פלדה 100 גרם,גרמים,100.00,100 גרם,false,,4.50,0.0450,true,1,1430034
7290015835756,false,שיבולת שועל דק רמי לוי 500 גרם,רמי לוי,,שיבולת שועל דקה 500,גרמים,500.00,100 גרם,false,,4.90,0.0098,true,1,1417104
7290015835763,false,שיבולת שועל עבה רמי לוי 500 גרם,רמי לוי,,שיבולת שועל עבה 500,גרמים,500.00,100 גרם,false,,4.90,0.0098,true,1,1417105
7290015835930,false,מגבות נייר רמי לוי 8 יח,רמי לוי,,מגבות נייר רמי לוי 8,יחידה,8.00,יחידה,false,,13.90,1.7375,true,1,1433644
7290015835954,false,מפיות נייר רמי לוי 100 יח,רמי לוי,,מפיות רמי לוי 100 יח,יחידה,100.00,יחידה,false,,5.50,0.0550,true,1,1417468
7290015835978,false,ממחטות מארז חמישייה רמי לוי,רמי לוי,,ממחטות טישו רמי לוי,יחידה,5.00,יחידה,false,,13.90,2.7800,true,1,1417469
7290015856713,false,סנקסו חטיף אפונה אפוי עם אריסה 50 גרם,אפיפית נצרת (1971) ב,IL,סנקסו – חטיף אפונה א,גרמים,50.00,100 גרם,false,,4.90,0.0980,true,1,1428686
7290015856720,false,סנקסו חטיף אפונה אפוי עם זעתר 50 גרם,תות תעשיות מזון (201,IL,סנקסו – חטיף אפונה א,גרמים,50.00,100 גרם,false,,4.90,0.0980,true,1,1428687
7290015856737,false,סנקסו חטיף אפונה אפוי עם פלפל 50 גרם,אפיפית נצרת (1971) ב,IL,סנקסו – חטיף אפונה א,גרמים,50.00,100 גרם,false,,4.90,0.0980,true,1,1428688
7290015858106,false,"ממרח פסטו ביתי 180 גרם ""עללחם""",מדשא תעשיות מזון בעמ,IL,ממרח פסטו ביתי עללחם,גרמים,180.00,100 גרם,false,,15.90,0.0883,true,1,1414552
7290015858229,false,"טפנד זיתי קלמטה 180 גרם ""עללחם""",מדשא תעשיות מזון בעמ,IL,טפנד זיתי קלמטה עללח,גרמים,180.00,100 גרם,false,,15.90,0.0883,true,1,1425713
7290015858328,false,עללחם ממרח איולי פסטו 295 גרם,מדשא תעשיות מזון בעמ,IL,איולי פסטו עללחם 295,גרמים,295.00,100 גרם,false,,15.90,0.0539,true,1,1441838
7290015858441,false,עללחם ממרח איולי פלפלים 295 גרם,מדשא תעשיות מזון בעמ,IL,איולי פלפלים עללחם 2,גרמים,295.00,100 גרם,false,,15.90,0.0539,true,1,1441839
7290015866132,false,כרובית,,,כרובית,יח',1.00,יח',false,,9.90,9.9000,true,1,1434863
7290015899246,false,מרכך צהוב רמי לוי 4 ליטר,רמי לוי,IL,מרכך כביסה צהוב 4 לי,מיליליטרים,4000.00,"100 מ""ל",false,,16.90,0.0042,true,1,1408075
7290015899253,false,מרכך כביסה ורוד רמי לוי 4 ליטר,רמי לוי,IL,מרכך כביסה ורוד 4 לי,מיליליטרים,4000.00,"100 מ""ל",false,,16.90,0.0042,true,1,1408076
7290015899307,false,מרכך מרוכז ורוד רמי לוי 1 ליטר,רמי לוי,IL,מרכך מרוכז ורוד רמי,מיליליטרים,1000.00,"100 מ""ל",false,,9.90,0.0099,true,1,1408079
7290015899321,false,מרכך מרוכז כחול רמי לוי 1 ליטר,רמי לוי,IL,מרכך מרוכז כחול רמי,מיליליטרים,1000.00,"100 מ""ל",false,,9.90,0.0099,true,1,1408081
7290015899338,false,"מבשם כביסה לבן רמי לוי 500 מ""ל",רמי לוי,IL,מבשם כביסה לבן רמי ל,מיליליטרים,500.00,"100 מ""ל",false,,11.90,0.0238,true,1,1408082
7290016006346,false,שישיית שרינק 500 מל שוופס סודה,יפאורה תבורי בעמ,IL,שישיית שוופס סודה 50,מיליליטרים,3000.00,"100 מ""ל",false,,14.20,0.0047,true,1,1407637
7290016087147,false,רוטב עגבניות לפיצה מרגריטה 240 ג' פריניר,פריניר,IL,פריניר רוטב פיצה מרג,גרמים,240.00,100 גרם,false,,5.50,0.0229,true,1,1413277
7290016087215,false,עגבניות מרוסקות מרוכזות ושום 230 גרם פריניר,פריניר ( הדס 1987) ב,IL,פריניר עגבניות מרוסק,גרמים,240.00,100 גרם,false,,5.50,0.0229,true,1,1432487
7290016087222,false,רוטב עגבניות מרוכז לשקשוקה פריניר 230 גרם,פריניר ( הדס 1987) ב,IL,פריניר רוטב עגבניות,גרמים,230.00,100 גרם,false,,5.50,0.0239,true,1,1413278
7290016087499,false,פריניר עגבניות חתוכות דק שלישיה 3 * 400 גרם,פריניר,,עגבניות חתוכות דק פר,גרמים,400.00,100 גרם,false,,12.90,0.0323,true,1,1413086
7290016106411,false,פרוסות מנגו 425 גרם בסירופ קל,לונגהי גואנגפה פוד ב,,"פרוסות מנגו בסירופ """,גרמים,425.00,100 גרם,false,,6.90,0.0162,true,1,1408327
7290016144017,false,"קמח מלא נפלאות 100% ללא ניפוי 1 ק""ג",קמח מלכים,IL,קמח חיטה מלא 100% נפ,גרמים,1000.00,100 גרם,false,,9.90,0.0099,true,1,1430090
7290016144031,false,"נפלאות קמח חיטה לבן מנופה 1 ק""ג",קמח מלכים,IL,קמח חיטה לבן מנופה נ,גרמים,1000.00,100 גרם,false,,7.90,0.0079,true,1,1430091
7290016150117,false,סלק אדום מבושל 500 ג' בוואקום,חקלאי,IL,סלק מבושל בוואקום,גרמים,500.00,100 גרם,false,,5.90,0.0118,true,1,1406424
7290016233575,false,פתיתי שיבולת שועל 600 גר גוד מורנינג,,LT,שיבולת שועל 600 גרם,גרמים,600.00,100 גרם,false,,5.90,0.0098,true,1,1407861
7290016233711,false,"פסטה ""לה פסטה"" לינגוויני 400 גרם",,,פסטה לינגוויני 100%,גרמים,400.00,100 גרם,false,,4.50,0.0113,true,1,1407863
7290016246445,false,בארכה טחינה גולמית מעודנת שומשום מלא 310 גם,רושדי תעשיות מזון בע,IL,בארכה טחינה גולמית מ,גרמים,310.00,100 גרם,false,,12.90,0.0416,true,1,1407169
7290016255812,false,מסיר אבנית 1ליטר רמי לוי,,,מסיר אבנית רב תכליתי,מיליליטרים,1000.00,"100 מ""ל",false,,11.90,0.0119,true,1,1408085
7290016270273,false,כרובית ארוזה גן הירק,,,כרובית,יח',1.00,יח',false,,9.90,9.9000,true,1,1427652
7290016270709,false,עגבניות שרי אשכולות,ביכורי השקמה,IL,עגבניות שרי,יחידה,1.00,יחידה,false,,8.90,8.9000,true,1,1410881
7290016272796,false,נייר טואלט רמי לוי 30 יח,,,נייר טואלט רמי לוי 3,יחידה,30.00,יחידה,false,,29.90,0.9967,true,1,1417470
7290016272802,false,מגבות נייר רמי לוי 6,,,מגבות נייר רמי לוי 6,יחידה,6.00,יחידה,false,,10.90,1.8167,true,1,1417471
7290016273182,false,ציפס אמריקאי רמי לוי,,,רמי לוי צ'יפס אמריקא,גרמים,1500.00,100 גרם,false,,18.90,0.0126,true,1,1413852
7290016304053,false,חלה שמניה 500 גרם,,,חלה שמניה 500 גרם,גרמים,500.00,100 גרם,false,,5.17,0.0103,true,1,1417536
7290016304060,false,חלה רגילה 500 גרם,,IL,חלה רגילה 500 גרם,גרמים,500.00,100 גרם,false,,5.17,0.0103,true,1,1417537
7290016304596,false,לחמניות לסנדביץ 75 גרם,מאפית דוידוביץ ובניו,IL,לחמניות רגילות דוידו,גרמים,750.00,100 גרם,false,,13.90,0.0185,true,1,1429621
7290016304640,false,לחמניות 100% קמח כוסמין 6*60 ג',,,לחמנייה 100% קמח כוס,גרמים,360.00,100 גרם,false,,10.90,0.0303,true,1,1417547
7290016334050,false,סלרי חתוך,,,סלרי חתוך,יחידה,1.00,יחידה,false,,5.90,5.9000,true,1,1420941
7290016334173,false,פלפל טינקרבל ארוז,,,פלפלונים רמי לוי,יחידה,1.00,יחידה,false,,9.90,9.9000,true,1,1420944
7290016334180,false,מלפפון בייבי רמי לוי,,,מלפפון בייבי רמי לוי,יחידה,1.00,יחידה,false,,9.90,9.9000,true,1,1420945
7290016334296,false,ברוקולי ארוז מגשית,,,ברוקולי רמי לוי,יחידה,1.00,יחידה,false,,9.90,9.9000,true,1,1420947
7290016334388,false,פלפל צ'ילי רמי לוי,,,פלפל צ'ילי רמי לוי,יחידה,1.00,יחידה,false,,6.90,6.9000,true,1,1420948
7290016334456,false,בזיליקום רמי לוי,,,בזיליקום,יחידה,1.00,יחידה,false,,5.90,5.9000,true,1,1420951
7290016334500,false,לבבות חסה זוגות בשקי,,,זוג לבבות חסה,יחידה,1.00,יחידה,false,,9.90,9.9000,true,1,1420953
7290016334654,false,תרד ניו זילנדי רמי לוי,,,תרד ניו זילנדי רמי ל,גרמים,300.00,100 גרם,false,,12.90,0.0430,true,1,1420961
7290016334784,false,ג'ינג'ר ארוז 200 גרם,,,ג'ינג'ר ארוז,יחידה,1.00,יחידה,false,,8.90,8.9000,true,1,1420962
7290016334814,false,חסה סלנובה רמי לוי,,,חסה סלנובה רמי לוי,יחידה,1.00,יחידה,false,,9.90,9.9000,true,1,1420964
7290016334883,false,עגבניות שרי תמר,,,עגבניות שרי תמר,יחידה,1.00,יחידה,false,,9.90,9.9000,true,1,1420965
7290016334890,false,עגבניות שרי ליקופן,,,עגבניות שרי ליקופן,יחידה,1.00,יחידה,false,,9.90,9.9000,true,1,1420966
7290016334906,false,עגבניות שרי מיקס,,,עגבניות שרי מיקס,יחידה,1.00,יחידה,false,,11.90,11.9000,true,1,1420967
7290016334975,false,אספרגוס רמי לוי,,,אספרגוס יחידה,יחידה,1.00,יחידה,false,,29.90,29.9000,true,1,1440491
7290016370959,false,חציל קלוי פירה בצנצנת ‏580‏ ג' יבנה,תאי פרזידנט פוד פאבל,GR,חציל קלוי על האש 560,גרמים,560.00,100 גרם,false,,10.90,0.0195,true,1,1413280
7290016370973,false,פלפל אדום קלוי על האש קבוצת יבנה 540 גרם,קוזט אס.איי.פיין פוד,GR,פלפל קלוי על האש 560,גרמים,560.00,100 גרם,false,,10.90,0.0195,true,1,1413281
7290016372373,false,רסק עגבניות ללא תוספת סוכר ומלח - מארז זוג,גרנד איטליה Grand Italia,IT,רסק עגבניות 22° קונס,גרמים,280.00,100 גרם,false,,7.90,0.0282,true,1,1406713
7290016408294,false,"מרשמלו ורוד לבן וסטהיים 150 ג', 26 בקרטון",מנדלז סי.אר. פרודקשן,IL,מרשמלו ורוד לבן כרמי,גרמים,150.00,100 גרם,false,,4.90,0.0327,true,1,1410009
7290016408393,false,חטיף קרקר עם שומשום פניני 130 ג',דוויטה ג'יי.אס.סי,,חטיף קרקר עם שומשום,גרמים,130.00,100 גרם,false,,5.90,0.0454,true,1,1407988
7290016408447,false,חטיף קרקר עגבניות ובזיליקום 130 גר,דנוויטה ג'יי. אס. סי,LT,חטיף קרקר עם עגבניות,גרמים,130.00,100 גרם,false,,5.90,0.0454,true,1,1407990
7290016408744,false,"כרמית מרשמלו טוויסטר בד""צ",כרמית,,מרשמלו כרמית טוויסטר,גרמים,150.00,100 גרם,false,,4.90,0.0327,true,1,1407993
7290016408980,false,"מטבעות שוקולד חלב 36 ג' כשל""פ בד""ץ!",כרמית תעשיות מזון,IL,מטבעות שוקולד חלב 36,גרמים,36.00,100 גרם,false,,3.90,0.1083,true,1,1407995
7290016448870,false,שפרוטים מעושנים בשמן,אודסקי קונסרברי זאבו,UA,שפרוטים 150 גרם,גרמים,150.00,100 גרם,false,,5.90,0.0393,true,1,1432425
7290016448894,false,ביצקי ברוטב עגבניות 240 גרם,,UA,ביצ'קי ברוטב עגבניות,גרמים,240.00,100 גרם,false,,5.90,0.0246,true,1,1432427
7290016509830,false,ג'ל כביסה לבגדי תינוקות ובעלי עור רגיש Sensitive,פרסיל Persil,IL,פרסיל ג'ל 2.5 ל' ביי,גרמים,2500.00,100 גרם,false,,35.90,0.0144,true,1,1421806
7290016510683,false,הוואי סבון נוזלי לידיים 1ליטר,טרופיקל דגיל קוסמטיק,IL,הוואי סבון נוזלי ליד,מיליליטרים,1000.00,"100 מ""ל",false,,10.90,0.0109,true,1,1414949
7290016564150,false,מטליות מייקרופייבר נשלפות 10 יח מבריקל,,,מבריקל הפלא מטליות מ,יחידה,10.00,יחידה,false,,9.90,0.9900,true,1,1427750
7290016601558,false,מגבונים לניקוי כללי,,,מגבונים לניקוי כללי,יחידה,400.00,יחידה,false,,20.90,0.0522,true,1,1428493
7290016609141,false,אפונה וגזר רמי לוי 5,,,אפונה וגזר רמי לוי 5,גרמים,550.00,100 גרם,false,,6.50,0.0118,true,1,1413283
7290016609172,false,שעועית לבנה ברוטב עגבניות 335 גר,,,שעועית לבנה אפויה בר,גרמים,580.00,100 גרם,false,,6.50,0.0112,true,1,1413285
7290016609189,false,גרעיני תירס 335 גר רמי לוי,,,גרעיני תירס מתוק רמי,גרמים,550.00,100 גרם,false,,5.90,0.0107,true,1,1413286
7290016667042,false,קשיות פסים זברה עבים 20 יח',עבדו,,קשיות פסים זברה עבים,יחידה,20.00,יחידה,false,,9.90,0.4950,true,1,1436888
7290016667080,false,חטיף ציפס טורטיה ברביקיו 250 גרם,ROGER&ROGER,BE,חטיף טורטיה צ'יפס בר,גרמים,250.00,100 גרם,false,,10.90,0.0436,true,1,1410349
7290016667561,false,"שמן קוקוס כבישה קרה 500 מ""ל",,,שמן קוקוס כבישה קרה,מיליליטרים,500.00,"100 מ""ל",false,,31.90,0.0638,true,1,1440505
7290016667967,false,שימור פילה אנשובי שמ,,,שימור פילה אנשובי שמ,גרמים,46.00,100 גרם,false,,7.90,0.1717,true,1,1433682
7290016717631,false,יין מוסקטו בעל חוזק אלכוהול נמוך פרייבט קולקשן,אגודת הכורמים הקואופ,IL,יין לבן מבעבע מוסקטו,מיליליטרים,750.00,"100 מ""ל",false,,39.90,0.0532,true,1,1417037
7290016717754,false,"יין ישן נושן יקבי כרמל 750 מ""ל ^^^",אגודת הכורמים הקואופ,IL,יין אדום מתוק היובל,מיליליטרים,750.00,"100 מ""ל",false,,19.90,0.0265,true,1,1417038
7290016717976,false,"יין BUZZ ספארקלינג אפרסק 750 מ""ל",כרמל מזרחי,IL,יין באזז אפרסק 750 מ,מיליליטרים,750.00,"100 מ""ל",false,,27.90,0.0372,true,1,1431299
7290016733051,false,מטליות ניקוי כללי מיקרופייבר עשירייה רמי לוי,,,מטליות מיקרופייבר 10,יחידה,10.00,יחידה,false,,14.90,1.4900,true,1,1417148
7290016733259,false,סלק מבושל בוואקום 500ג,,,סלק אדום מקולף רמי ל,יחידה,1.00,יחידה,false,,5.90,5.9000,true,1,1406425
7290016865615,false,כדוריות סבון אסלה -ניחוח היביסקוס,,,סבון אסלה לניקוי יסו,יחידה,1.00,יחידה,false,,10.90,10.9000,true,1,1415636
7290016865950,false,ביסקוויט סנדביץ וניל,,,ביסקוויט סנדביץ וניל,גרמים,250.00,100 גרם,false,,4.90,0.0196,true,1,1429743
7290016867039,false,פיתות קלות כוסמין בתוספת מחמצת 6 יח',המאפה של דר מרק בריא,IL,פיתות קלות כוסמין בת,גרמים,324.00,100 גרם,false,,14.90,0.0460,true,1,1435008
7290016867053,false,לחם קל כוסמין בתוספת מחמצת 450 גרם,המאפה של דר מרק בריא,IL,לחם קל כוסמין בתוספת,גרמים,450.00,100 גרם,false,,19.90,0.0442,true,1,1435010
7290016867084,false,לחם כוסמין מלא בתוספת סיבים פרה ביוטיים 450 גרם,,,לחם כוסמין מלא סיבים,גרמים,450.00,100 גרם,false,,18.90,0.0420,true,1,1439346
7290016867091,false,פיתות כוסמין מלא בתוספת סיבים פרה ביוטיים 300 גרם,,,פיתות כוסמין מלא סיב,גרמים,300.00,100 גרם,false,,15.90,0.0530,true,1,1439347
7290016867114,false,לחם כוסמין קל מלא 500 גר',המאפה של דר מרק בריא,IL,לחם קל כוסמין 500 גר,גרמים,500.00,100 גרם,false,,18.90,0.0378,true,1,1433135
7290016867176,false,לחמניות קלות כוסמין שומשום במתיקות מעודנת 6,המאפה של דר מרק,IL,לחמניות ק. כוסמין שו,גרמים,351.00,100 גרם,false,,14.90,0.0425,true,1,1433017
7290016998320,false,לבבות קיסר נטורזה יח,נטורזה,IL,לבבות קיסר 250 גרם,גרמים,250.00,100 גרם,false,,10.90,0.0436,true,1,1434542
7290017023229,false,רביעיית פחיות שוופס מוגז פירות תות ליים 330 מל.,יפאורה תבורי,IL,רביעיית פחיות שוופס,מיליליטרים,330.00,"100 מ""ל",false,,14.10,0.0427,true,1,1407644
7290017058092,false,שיבולת שועל שלמה 600 גר גוד מורנינג,,LT,שיבולת שועל 600 גרם,גרמים,600.00,100 גרם,false,,5.90,0.0098,true,1,1407868
7290017058146,false,רסק תפוח עץ עם אפרסק 452 גר,Cherry growers inc,,"רסק תפו""ע עם אפרסק 4",גרמים,452.00,100 גרם,false,,11.90,0.0263,true,1,1407871
7290017058542,false,"שמן קוקוס אורגני 414 מ""ל",,,שמן קוקוס אורגני 414,מיליליטרים,414.00,"100 מ""ל",false,,22.90,0.0553,true,1,1421741
7290017058573,false,תומר פרוסות פלפל חלפיניו בחומץ 340 גרם,אינדיה אגרו אקספורט,IN,פלפל חלפיניו בצנצנת,גרמים,340.00,100 גרם,false,,7.90,0.0232,true,1,1437756
7290017058849,false,זיתי קלמטה שלמים במי מלח בצנצנת,,GR,זית קלמטה צנצנת 355,גרמים,355.00,100 גרם,false,,11.90,0.0335,true,1,1421749
7290017065007,false,פרוסות גבינה מוצרלה חצי קשה 22% שומן 200 ג' גד,מחלבות גד בעמ,IL,מוצרלה פרוסות 22% 20,גרמים,200.00,100 גרם,false,,17.60,0.0880,true,1,1413791
7290017065144,false,גבינת ריקוטה למריחה 5% בזיליקום 200ג' גד,האי נאם סי או אל.טי.,IL,ריקוטה למריחה 5% עם,גרמים,200.00,100 גרם,false,,10.70,0.0535,true,1,1413793
7290017065168,false,גבינה כחולה denish blue cheese 100 גרם,מחלבות גד,DK,גבינה כחולה גד 100 ג,גרמים,100.00,100 גרם,false,,15.90,0.1590,true,1,1440134
7290017065236,false,גבינה בולגרית מעודנת 24% גד 250 גרם,הנסיך- מפעל לייצור ט,IL,בולגרית מעודנת 24% 2,גרמים,250.00,100 גרם,false,,22.90,0.0916,true,1,1413796
7290017065434,false,פרוסות גבינה גאודה הולנדית חצי קשה 200 גרם בית יוסף,מחלבות גד בעמ,NL,פרוסות גאודה הולנדית,גרמים,200.00,100 גרם,false,,20.90,0.1045,true,1,1413802
7290017065526,false,קוואטרו פורמאג'י 4 גבינות מגוררות 26%,מחלבות גד בעמ,IL,קוואטרו פורמאג'י 300,גרמים,300.00,100 גרם,false,,29.90,0.0997,true,1,1413807
7290017065588,false,יוגורט יווני 10% שומן 600 ג' גד,"מיוצר ע""י קוד יצרן M",IL,יוגורט יווני 600 גרם,גרמים,600.00,100 גרם,false,,15.40,0.0257,true,1,1429109
7290017065618,false,גבינת פקורינו פרוס גד 150 ג',הנסיך- מפעל לייצור ט,ES,פקורינו פרוס 150 גרם,גרמים,150.00,100 גרם,false,,19.90,0.1327,true,1,1429110
7290017065731,false,גבינת שמנת 30% ניו יורק +כמהין 200 גרם רבנות,פ.פ.ח. שאביט,IL,שמנת כמהין,גרמים,200.00,100 גרם,false,,12.90,0.0645,true,1,1440407
7290017065786,false,"גבינת צ`דר מחלבות גד , 210 גרם",מחלבות גד,IL,גבינת צ'דר 200 גרם,גרמים,200.00,100 גרם,false,,21.90,0.1095,true,1,1437535
7290017065861,false,רוטב פקורינו ופלפל שחור קאצ'יו אה פפה 200 ג' גד,מחלבות גד,IL,קאצ'יו אה פפה רוטב פ,גרמים,200.00,100 גרם,false,,15.90,0.0795,true,1,1439867
7290017065960,false,רוטב פורצ'יני מחלבות גד 200 גרם,מחלבות גד,IL,רוטב פורצ'יני גד 200,גרמים,200.00,100 גרם,false,,16.90,0.0845,true,1,1442891
7290017094847,false,סלט תפוחי אדמה אסלי שמיר 400 ג',"סלטי שמיר 2006 בע""מ",IL,סלט תפוח אדמה אסלי 4,גרמים,400.00,100 גרם,false,,11.90,0.0298,true,1,1438354
7290017105895,false,גרגרי חומוס להכנת חומוס משובח יכין 560 ג,זנלכל,IL,יכין - גרגירי חומוס,גרמים,550.00,100 גרם,false,,9.90,0.0180,true,1,1433713
7290017129495,false,אגו מיקס כדורי תירס מצופים שוקולד חלב 55 גר,כרמית,IL,אגו מיקס כדורי תירס,גרמים,55.00,100 גרם,false,,3.90,0.0709,true,1,1408008
7290017129532,false,לקקן תות10 יח' 90 גר' כרמית!,שוגבי,,לקקן תות 90 גרם,יחידה,10.00,יחידה,false,,4.90,0.4900,true,1,1408012
7290017129549,false,לקקן גלידה 10 יח' 90 גר' כרמית!,,,לקקן גלידה 90 גרם,גרמים,90.00,100 גרם,false,,4.90,0.0544,true,1,1408013
7290017129754,false,"שוקולד מריר מעולה 70% מוצקי קקאו 100 גר בד""ץ",כרמית תעשיות ממתקים,IL,שוקולד מריר מעולה 70,גרמים,100.00,100 גרם,false,,7.90,0.0790,true,1,1408019
7290017129778,false,"שוקולד פרימיום 70% בטעם קפה בד""ץ 100 גר'",כרמית תעשיות ממתקים,IL,שוקולד מריר בטעם קפה,גרמים,100.00,100 גרם,false,,7.90,0.0790,true,1,1408021
7290017129822,false,מטבעות שוקולד מריר 36 גרם כרמית,כרמית,IL,מטבעות שוקולד מריר 3,גרמים,36.00,100 גרם,false,,3.90,0.1083,true,1,1408025
7290017129839,false,"שוקולד פרימיום 70% בטעם פטל בד""ץ 100 גר'.",כרמית תעשיות ממתקים,IL,שוקולד מריר מעולה 70,גרמים,100.00,100 גרם,false,,7.90,0.0790,true,1,1408026
7290017129983,false,אגו שוקו צ'יפס לבן 250גרם 16Xשקיות,"כד בני דרום בע""מ",IL,שוקולד צ'יפס לבן פרו,גרמים,250.00,100 גרם,false,,9.90,0.0396,true,1,1408031
7290017142159,false,מארז נתחי טונה בהירה בשמן זית 3*80 ג' עץ הזית,הנסיך- מפעל לייצור ט,TH,נתחי טונה בהירה בשמן,גרמים,240.00,100 גרם,false,,23.90,0.0996,true,1,1417567
7290017147611,false,צנצנת זכוכית כוורת ג,,,צנצנת זכוכית כוורת ג,יחידה,1.00,יחידה,false,,7.90,7.9000,true,1,1425376
7290017189192,false,"אדממה פולי סויה 1 ק""ג",משק ויילר,CN,"פולי סויה אדממה 1 ק""",קילוגרמים,1.00,"ק""ג",false,,15.90,15.9000,true,1,1439509
7290017197067,false,מגבונים בייבי בישום עדין 100 יח רמי לוי,,,מגבונים לחים בייבי,יחידה,1.00,יחידה,false,,5.90,5.9000,true,1,1415639
7290017197388,false,מגבונים הפי דייז מבושם 72*6 רמי לוי,,,מגבונים לחים הפי דיי,יחידה,6.00,יחידה,false,,21.90,3.6500,true,1,1415643
7290017197425,false,מגבונים בייבי מבושם 4*72 רמי לוי,,,מגבונים לחים ללא ביש,יחידה,4.00,יחידה,false,,15.90,3.9750,true,1,1429103
7290017197432,false,מגבונים בייבי ללא בישום 4*72 רמי לוי,,,מגבונים לחים ללא ביש,יחידה,4.00,יחידה,false,,15.90,3.9750,true,1,1429104
7290017197449,false,מגבונים בייבי לעור רגיש 4*72 רמי לוי,,,מגבונים לחים ללא ביש,יחידה,4.00,יחידה,false,,15.90,3.9750,true,1,1415645
7290017197456,false,אסותא מגבוני נייר טואלט*3,טרופיקל דגיל,IL,מגבוני נייר טואלט אס,יחידה,3.00,יחידה,false,,9.90,3.3000,true,1,1417120
7290017197500,false,שמפו נועה לשיער יבש 750 מל רמי לוי,,,נועה שמפו לשיער יבש,מיליליטרים,750.00,"100 מ""ל",false,,8.90,0.0119,true,1,1415646
7290017197517,false,שמפו נועה לשיער רגיל 750 מל רמי לוי,,,נועה שמפו לשיער רגיל,מיליליטרים,750.00,"100 מ""ל",false,,8.90,0.0119,true,1,1415647
7290017197579,false,מגבונים לחים אמה לני,טרופיקל דגיל,IL,אמה מגבונים לניקוי כ,יחידה,1.00,יחידה,false,,6.00,6.0000,true,1,1417122
7290017197616,false,אל סבון בניחוח פירות 1 ליטר,,,אל סבון בניחוח פירות,מיליליטרים,1000.00,"100 מ""ל",false,,8.90,0.0089,true,1,1429342
7290017197623,false,אל סבון בניחוח לבנדר 1 ליטר,,,אל סבון בניחוח לבנדר,מיליליטרים,1000.00,"100 מ""ל",false,,8.90,0.0089,true,1,1429343
7290017197654,false,מטליות לחות לניקוי ר,,,מטליות לחות לניקוי ר,יחידה,10.00,יחידה,false,,9.90,0.9900,true,1,1415652
7290017197678,false,מגבוני ניקיון שלישייה -רמי לוי,,,מגבונים לניקוי כללי,יחידה,3.00,יחידה,false,,15.90,5.3000,true,1,1415653
7290017197685,false,שלישייה מגבוני טואלט לחים,,,מגבוני נייר טואלט רמ,יחידה,3.00,יחידה,false,,10.90,3.6333,true,1,1415654
7290017197951,false,סבון קצף לידיים 500מל רמילוי,,,סבון קצף לידיים מועש,מיליליטרים,500.00,"100 מ""ל",false,,7.90,0.0158,true,1,1415657
7290017232218,false,לחם קלאסי מופחת פחמימות איטסיין 430 גרם,,,לחם כפרי כהה איסטיין,גרמים,430.00,100 גרם,false,,24.90,0.0579,true,1,1437477
7290017232225,false,לחם גלילי מופחת פחמימות איטסיין 450 גרם,,,לחם גלילי בהיר איסטי,גרמים,450.00,100 גרם,false,,24.90,0.0553,true,1,1437478
7290017266046,false,וופל חטיף קראנצ' שוקולד בשקית 30 יח',"גילרו בע""מ",IL,חטיף עלמה קראנץ' 30,גרמים,300.00,100 גרם,false,,15.90,0.0530,true,1,1419515
7290017266312,false,וופל מילוי קרם בטעם שוקולד 150 גרם,גילרו,,וופל אייר במילוי קרם,גרמים,150.00,100 גרם,false,,3.50,0.0233,true,1,1413309
7290017266343,false,וופל קראנץ במילוי קרם שוקולד 150 גרם,גילרו,IL,עלמה- ופל במילוי קרם,גרמים,150.00,100 גרם,false,,3.50,0.0233,true,1,1413312
7290017266503,false,"גלילי וופל במילוי קרם שוקולד לל""ס 100 גר' עלמה",גילרו,IL,גלילי ופל ללס במילוי,גרמים,100.00,100 גרם,false,,7.50,0.0750,true,1,1413320
7290017266527,false,וופל עלמה AIR בטעם שוקולד 150 גר',גילרו,,וופל טבעוני קראנצ' ב,גרמים,150.00,100 גרם,false,,3.50,0.0233,true,1,1413321
7290017266725,false,מארז וופל במילוי קרם בטעם שוקולד 12 גרם*40 יח',"גילרו בע""מ",IL,ופל קראנצ' במילוי קר,גרמים,480.00,100 גרם,false,,15.90,0.0331,true,1,1433714
7290017266909,false,SUN וופלים במילוי קרם בטעם שוקולד 200 גר,"גילרו בע""מ",IL,וופלים מעולים במילוי,גרמים,200.00,100 גרם,false,,5.50,0.0275,true,1,1439972
7290017291093,false,סלק אדום מקולף רמי ל,,,סלק אדום מקולף רמי ל,יחידה,1.00,יחידה,false,,5.90,5.9000,true,1,1431312
7290017291123,false,שום ייבוא ליח,עטרה,,שום ארוז יבוא,יחידה,1.00,יחידה,false,,7.90,7.9000,true,1,1439411
7290017389967,false,ערמונים קלופים 100 גר קליית השקמה,,,ערמונים קלופים שלמים,גרמים,100.00,100 גרם,false,,5.90,0.0590,true,1,1427600
7290017390390,false,"גרנולה פירות 1 ק""ג -",,,"גרנולה פירות 1 ק""ג -",גרמים,1000.00,100 גרם,false,,19.90,0.0199,true,1,1430164
7290017390482,false,מטבעות שוקולד חלב לאפיה 300 גר,,,מטבעות שוקולד חלב לא,גרמים,300.00,100 גרם,false,,10.90,0.0363,true,1,1435491
7290017457727,false,"סוד - מרכך כביסה מרוכז פרש סקיי 900 מ""ל",הנקל סוד,IL,מרכך מרוכז כחול סוד,מיליליטרים,900.00,"100 מ""ל",false,,11.90,0.0132,true,1,1408828
7290017504001,false,פטריות שמפניון ארוז,חקלאי,IL,פטריות שמפניון ארוז,יחידה,1.00,יחידה,false,,9.90,9.9000,true,1,1420970
7290017504018,false,זוג פטריות שמפניון א,,,פטריות זוגות לבן (פט,יחידה,1.00,יחידה,false,,17.90,17.9000,true,1,1420971
7290017504025,false,פטריות פורטבלה א.א (,,,פטריות פורטבלה א.א (,יחידה,1.00,יחידה,false,,10.90,10.9000,true,1,1420972
7290017504032,false,זוג פטריות שמפניון ו,,,פטריות זוגות איטלקי,יחידה,1.00,יחידה,false,,17.90,17.9000,true,1,1420973
7290017513782,false,פליפז-בייגלה מצופה שוקולד מריר 140 גרם,שוורצקוף& הנקל דיסלד,TR,FLIPZ - בייגלה מצופה,גרמים,140.00,100 גרם,false,,9.50,0.0679,true,1,1406730
7290017516295,false,חטיף חלבון פרוטאין אגוז לוז שוקולד 50 גר,פנגיאה,,חטיף חלבון שוקולד עם,גרמים,60.00,100 גרם,false,,10.00,0.1667,true,1,1437930
7290017516332,false,חטיף חלבון פרוטאין חמאת בוטנים 50 גר,פנגיאה,,חטיף חלבון עם חמאת ב,גרמים,60.00,100 גרם,false,,10.00,0.1667,true,1,1437932
7290017516479,false,פנגיאה פרוטאין וניל קפה 50 גרם,פנגיאה,,חטיף חלבון בטעם וניל,גרמים,60.00,100 גרם,false,,10.00,0.1667,true,1,1437933
7290017516509,false,חטיף פרוטאין בטעם קרמל מלוח,פנגיאה,,חטיף חלבון בטעם קרמל,גרמים,60.00,100 גרם,false,,10.00,0.1667,true,1,1437934
7290017516547,false,חטיף בטעם שוקולד עם,,,חטיף בטעם שוקולד עם,גרמים,25.00,100 גרם,false,,5.00,0.2000,true,1,1437935
7290017516592,false,חטיף שוקולד עם חרוב,,,חטיף שוקולד עם חרוב,גרמים,40.00,100 גרם,false,,8.00,0.2000,true,1,1437928
7290017516639,false,חטיף חלבון שוקולד חמ,,,חטיף חלבון שוקולד חמ,גרמים,30.00,100 גרם,false,,6.00,0.2000,true,1,1437936
7290017586007,false,גזר ארוז,,,גזר ארוז,קילוגרמים,1.00,"ק""ג",true,,4.90,4.9000,true,1,1441694
7290017599229,false,ממתיק סוכרלוז 200 טבליות סוכרזית,"סוכרזית בע""מ",IL,סוכרלוז 200 טבליות,גרמים,74.00,100 גרם,false,,21.90,0.2959,true,1,1438581
7290017599236,false,סוכריות סטיוויה 200 טבליות,סנו מפעלי ברונוס.,IL,סטיוויה 200 טבליות,גרמים,74.00,100 גרם,false,,22.90,0.3095,true,1,1438582
7290017599250,false,סוכרזית קלאסי 120 שקיות,ביסקול בעמ,IL,סוכרזית קלאסי 120 שק,גרמים,100.00,100 גרם,false,,16.90,0.1690,true,1,1440589
7290017617428,false,מיקס סלמון עם פסטה ברוטב עגבניות 160 ג' סטארקיסט,סטארקיסט,PL,סטארקיסט מיקס סלמון,גרמים,160.00,100 גרם,false,,15.90,0.0994,true,1,1440162
7290017617435,false,מיקס סלמון עם עדשים קינואה וירק 160 ג' סטארקיסט,גראאל אס איי,PL,סטארקיסט מיקס סלמון,גרמים,160.00,100 גרם,false,,15.90,0.0994,true,1,1440163
7290017641096,false,"שוקולד פרימיום 70% לל""ס 100גרם בדצ *12יח*2 בדיס",כרמית תעשיות ממתקים,IL,שוקולד פרימיום 70% ל,גרמים,100.00,100 גרם,false,,7.90,0.0790,true,1,1408037
7290017641102,false,שוקולד פרימיום 70% ללא סוכר בטעם תפוז 100 גרם,כרמית תעשיות ממתקים,IL,שוקולד פרימיום 70% ל,גרמים,100.00,100 גרם,false,,7.90,0.0790,true,1,1408038
7290017641119,false,שוקולד פרימיום 85% כשלפ בדצ 100גר,כרמית תעשיות ממתקים,IL,שוקולד פרימיום 85% ב,גרמים,100.00,100 גרם,false,,7.90,0.0790,true,1,1408039
7290017641188,false,קרקר עם שיפון מלא וסלק 130 גר,דנוויטה ג'יי. אס. סי,LT,קרקר עם שיפון מלא וס,גרמים,130.00,100 גרם,false,,5.90,0.0454,true,1,1408046
7290017641195,false,קרקר עם שיפון מלא וגזר 130 גר,תות תעשיות מזון (201,LT,קרקר עם שיפון מלא וג,גרמים,130.00,100 גרם,false,,5.90,0.0454,true,1,1408047
7290017641201,false,קרקר עם שיפון מלא וקייל 130 גר,דנוויטה ג'יי. אס. סי,LT,קרקר עם שיפון מלא וק,גרמים,130.00,100 גרם,false,,5.90,0.0454,true,1,1408048
7290017641423,false,מטבעות שוקולד חלב צבעוניים 500 גר' בצילינדר.,,,מטבעות שוק' חלב גדול,גרמים,500.00,100 גרם,false,,32.90,0.0658,true,1,1427908
7290017641607,false,מרשמלו מושי 100 גרם,,,מרשמלו מושי 100 גרם,גרמים,100.00,100 גרם,false,,3.90,0.0390,true,1,1428033
7290017641720,false,שוקולד מריר שברי אגוז כשלפ בדצ 100 גר,כרמית תעשיות ממתקים,IL,שוקולד 70% שברי שקד,גרמים,100.00,100 גרם,false,,7.90,0.0790,true,1,1428121
7290017641737,false,"שוקולד 70% שברי אגוז 100 גר' כשל""פ. בד""ץ",כרמית תעשיות ממתקים,IL,שוקולד 70% שברי אגוז,גרמים,100.00,100 גרם,false,,7.90,0.0790,true,1,1428122
7290017677804,false,"רוטב סויה קיקומן ללא חומרים משמרים 444 מ""ל",קיקומן פודז אינק,US,רוטב סויה קיקומן 444,מיליליטרים,444.00,"100 מ""ל",false,,20.90,0.0471,true,1,1408238
7290017744162,false,שימורי דגים שפרוטים מעושנים ברוטב עגבניות 250 גרם,,,שימורי דגי שפרוטים מ,גרמים,440.00,100 גרם,false,,11.90,0.0270,true,1,1430199
7290017746128,false,מארז 10 פיתות ביס לבן,מאפיית דוידוביץ ובני,IL,פיתות ביס 10 יחידות,יחידה,10.00,יחידה,false,,13.90,1.3900,true,1,1432251
7290017746135,false,מארז 10 פיתות ביס כוסמין,מאפיית דוידוביץ ובני,IL,פיתות כוסמין 10 יחיד,יחידה,10.00,יחידה,false,,14.90,1.4900,true,1,1432252
7290017746197,false,מארז 6 לחמניות המבור,,IL,מארז 6 לחמניות המבור,יחידה,6.00,יחידה,false,,16.90,2.8167,true,1,1433266
7290017746258,false,מארז רביעיית לחמניות פרנה,מאפיית דוראל,IL,פרנה לחם מרוקאי מסור,יחידה,4.00,יחידה,false,,15.50,3.8750,true,1,1433590
7290017746272,false,פיתה בצל 4 יחידות 48,,,פיתה בצל 4 יחידות 48,יחידה,4.00,יחידה,false,,13.90,3.4750,true,1,1434538
7290017746289,false,פיתה זעתר 4 יחידות 4,,,פיתה זעתר 4 יחידות 4,יחידה,4.00,יחידה,false,,13.90,3.4750,true,1,1434539
7290017746326,false,חלה קלועה טייכהולץ א,מאפיית דוידוביץ ובני,,חלה קלועה טייכהולץ א,גרמים,750.00,100 גרם,false,,16.90,0.0225,true,1,1435288
7290017812052,false,יין שיראז-קברנה סוביניון אקסלנס יקבי כרמל,יקבי כרמל Carmel Winery,IL,יין אדום יבש אקסלנס,מיליליטרים,750.00,"100 מ""ל",false,,27.20,0.0363,true,1,1417039
7290017812083,false,מיץ תירוש אדום רמי לוי 1 לי,,,תירוש ענבים אדום רמי,מיליליטרים,1000.00,"100 מ""ל",false,,13.90,0.0139,true,1,1417435
7290017812373,false,יין שרדונה לבן יבש פרייבט קולקשן - בקבוק אישי,יקבי כרמל Carmel Winery,IL,יין לבן יבש שרדונה 3,מיליליטרים,375.00,"100 מ""ל",false,,19.90,0.0531,true,1,1417045
7290017812571,false,"מיץ ענבים תירוש 1 ליטר ""יקבי כרמל""",יקבי כרמל Carmel Winery,IL,תירוש אדום 1 ליטר,מיליליטרים,1000.00,"100 מ""ל",false,,19.90,0.0199,true,1,1428551
7290017845029,false,פטריות צמד משפחתי (מ,,,פטריות צמד משפחתי (מ,יחידה,1.00,יחידה,false,,17.90,17.9000,true,1,1428445
7290017864341,false,תפוא למיקרו רמי לוי,,,"תפו""א למיקרו 700 גרם",יחידה,1.00,יחידה,false,,7.90,7.9000,true,1,1428929
7290017864358,false,נענע ארוז רמי לוי,,,נענע ארוז רמי לוי,יחידה,1.00,יחידה,false,,4.90,4.9000,true,1,1432441
7290017864365,false,פטרוזליה ארוז רמי לוי,,,פטרוזיליה ארוז רמי ל,יחידה,1.00,יחידה,false,,4.90,4.9000,true,1,1432442
7290017864372,false,שמיר ארוז רמי לוי,,,שמיר ארוז רמי לוי,יחידה,1.00,יחידה,false,,4.90,4.9000,true,1,1432443
7290017864389,false,כוסברה ארוז רמי לוי,,,כוסברה ארוז רמי לוי,יחידה,1.00,יחידה,false,,4.90,4.9000,true,1,1432444
7290017864396,false,סלרי ארוז רמי לוי,,,סלרי ארוז רמי לוי,יחידה,1.00,יחידה,false,,6.90,6.9000,true,1,1432445
7290017864402,false,עלי מנגולד ארוז רמי לוי,,,עלי מנגולד ארוז רמי,יחידה,1.00,יחידה,false,,6.90,6.9000,true,1,1432446
7290017864419,false,שורש פטרוזיליה ארוז,,,שורש פטרוזיליה ארוז,יחידה,1.00,יחידה,false,,5.90,5.9000,true,1,1432447
7290017864426,false,בצל ירוק ארוז רמי לוי,,,בצל ירוק רמי לוי,יחידה,1.00,יחידה,false,,6.90,6.9000,true,1,1432448
7290017864457,false,סלרי ראש רמי לוי,,,סלרי ראש רמי לוי,יחידה,1.00,יחידה,false,,5.90,5.9000,true,1,1432449
7290017864464,false,לוף פרסה ארוז רמי לוי,,,לוף/כרישה,יחידה,1.00,יחידה,false,,7.90,7.9000,true,1,1428391
7290017864594,false,שום צנצנת רמי לוי,,,שום צנצנת רמי לוי,יחידה,1.00,יחידה,false,,12.90,12.9000,true,1,1429974
7290017874111,false,משושה זהב 150 גרם בד,,,משושה זהב 150 גרם בד,גרמים,150.00,100 גרם,false,,24.90,0.1660,true,1,1422418
7290017874128,false,משושה לבן 150 גרם בד,,,משושה לבן 150 גרם בד,גרמים,150.00,100 גרם,false,,24.90,0.1660,true,1,1422419
7290017973029,false,קונפיטורה תות שדה רוסמן 900 גרם,"י.א.א עולם הפרי בע""מ",IL,קונפיטורה תות שדה מע,גרמים,900.00,100 גרם,false,,19.90,0.0221,true,1,1425753
7290017973036,false,קונפיטורה פירות יער מעובדים רוסמן 900 גר,"י.א.א עולם הפרי בע""מ",IL,קונפיטורה פירות יער,גרמים,900.00,100 גרם,false,,19.90,0.0221,true,1,1421688
7290017973043,false,קונפיטורה דובדבנים רוסמן 900 גרם,"י.א.א עולם הפרי בע""מ",IL,קונפיטורה דובדבנים מ,גרמים,900.00,100 גרם,false,,19.90,0.0221,true,1,1425754
7290018045695,false,דגנים במילוי קרם קרמל מלוח 480 ג' BON & BON,monday,DE,בון בון דגנים במילוי,גרמים,480.00,100 גרם,false,,21.90,0.0456,true,1,1438505
7290018192610,false,עגבניות שרי,עגבניות שרי 2 ב 15,,עגבניות שרי,יחידה,1.00,יחידה,false,,8.90,8.9000,true,1,1431374
7290018192658,false,מארז זוג פטריות פורטובלה ושמפיניון מרינה,"מרינה פטריות הגליל בע""מ",IL,פטריות זוגות איטלקי,יחידה,1.00,יחידה,false,,17.90,17.9000,true,1,1438937
7290018198254,false,"תפוגן קריספי צ'יפס פוטטוס 1.25 ק""ג",עיצובים 2020 (4.5),IL,תפוגן קריספי צ'יפס פ,גרמים,1250.00,100 גרם,false,,22.90,0.0183,true,1,1436701
7290018237373,false,עוף טוב פסטרמה צרובה על הגריל נתח שלם 8*300 גרם,"עוף טוב (שאן) בע""מ",IL,פסטרמה צרובה על הגרי,גרמים,300.00,100 גרם,false,,27.90,0.0930,true,1,1436705
7290018237939,false,שניצלונים ציפוי שומשום עוף טוב 700 גרם,עיצובים 2020 (4.9),IL,שניצלונים ציפוי שומש,גרמים,700.00,100 גרם,false,,19.90,0.0284,true,1,1440041
7290018237960,false,עוף טוב כתף בקר עסיסי 265 גר',עיצובים 2020 (4.9),IL,כתף בקר עסיסי עוף טו,גרמים,265.00,100 גרם,false,,25.90,0.0977,true,1,1440392
7290018294208,false,"סלקטד אדום יין ישראלי, 750 מ""ל","כד בני דרום בע""מ",IL,סלקטד אדום ישראלי 75,מיליליטרים,750.00,"100 מ""ל",false,,29.90,0.0399,true,1,1437148
7290018333099,false,אגו מיקס קורנפלקס מצופה ש.חלב ולבן 55גר' 24 בקר',כרמית,IL,אגו מיקס קורנפלקס מצ,גרמים,55.00,100 גרם,false,,3.90,0.0709,true,1,1431542
7290018333945,false,חטיף אגוזים רפאלס שקד ווניל בדצ 150 גר *12יח,כרמית תעשיות ממתקים,IL,חטיף אגוזים רפאלס שק,גרמים,150.00,100 גרם,false,,14.90,0.0993,true,1,1438576
7290018333969,false,חטיף גרנולה רפאלס שקדים וטחינה בדצ 150 גר *12יח,כרמית תעשיות ממתקים,IL,חטיף גרנולה רפאלס שק,גרמים,150.00,100 גרם,false,,14.90,0.0993,true,1,1438578
7290018333976,false,חטיף גרנולה רפאלס קשיו וקוקוס בדצ 150 גר *12יח,כרמית תעשיות ממתקים,IL,חטיף גרנולה רפאלס קש,גרמים,150.00,100 גרם,false,,14.90,0.0993,true,1,1438579
7290018380734,false,דפי בצק פילו משולשים 360 גרם,,TR,דפי בצק פילו משולשים,גרמים,360.00,100 גרם,false,,15.90,0.0442,true,1,1441421
7290018380871,false,פטיסון כבוש 670 גרם תומר,Polan polsko francus,MD,פטיסון כבוש שלם תומר,גרמים,670.00,100 גרם,false,,13.90,0.0207,true,1,1439226
7290018440193,false,פליפז בייגלה בציפוי קרם בטעם חמאת בוטנים 140 גרם,שוורצקוף& הנקל דיסלד,TR,FLIPZ - בייגלה מצופה,גרמים,140.00,100 גרם,false,,9.50,0.0679,true,1,1434361
7290018440209,false,פליפז בייגלה בציפוי פאדג' לבן 140 גרם,שוורצקוף& הנקל דיסלד,TR,FLIPZ - בייגלה פאדג',גרמים,140.00,100 גרם,false,,9.50,0.0679,true,1,1434362
7290018440230,false,תה צ'אי ורדים סדרת חווית צ'אי,תה ויסוצקי,IL,צ'אי ורדים ויסוצקי 5,גרמים,50.00,100 גרם,false,,21.90,0.4380,true,1,1437595
7290018440254,false,תה צ'אי קרמל מלוח סדרת חווית צ'אי,תה ויסוצקי,IL,צ'אי קרמל מלוח ויסוצ,גרמים,50.00,100 גרם,false,,21.90,0.4380,true,1,1437597
7290018440476,false,פליפז בייגלה מצופה בקרם עוגת גבינה ותותים 140 גרם,אולקר מקבוצת פלאדיס,TR,FLIPZ - בייגלה מצופה,גרמים,140.00,100 גרם,false,,9.50,0.0679,true,1,1435776
7290018440483,false,פליפז בייגלה מצופה בקרמל מלוח ושוקולד 140 גרם,שוורצקוף& הנקל דיסלד,TR,FLIPZ - בייגלה מצופה,גרמים,140.00,100 גרם,false,,9.50,0.0679,true,1,1435763
7290018443057,false,נבטי חמניה (בוסתן),,,נבטי חמניה,יחידה,1.00,יחידה,false,,9.90,9.9000,true,1,1433349
7290018443064,false,נבטי אלפלפא (בוסתן),,,נבטי אלפלפא,יחידה,1.00,יחידה,false,,6.90,6.9000,true,1,1433350
7290018443728,false,באק צ'וי זוג רמי לוי,,,באק צ'וי זוג רמי לוי,יחידה,1.00,יחידה,false,,12.90,12.9000,true,1,1437781
7290018443736,false,בייבי מיקס רמי לוי 150 גרם,,,בייבי מיקס רמי לוי 1,גרמים,150.00,100 גרם,false,,9.90,0.0660,true,1,1437782
7290018443750,false,חסה משי רמי לוי פראש,,,חסה משי רמי לוי פראש,יחידה,1.00,יחידה,false,,9.90,9.9000,true,1,1437784
7290018443781,false,רוקט 150 גרם רמי לוי,,,רוקט 150 ג' רמי לוי,גרמים,150.00,100 גרם,false,,9.90,0.0660,true,1,1437787
7290018468302,false,נקניקיה טבעונית בסגנון מרגז טירת צבי 400 ג,טירת צבי,IL,נקניקיה צמחית בסגנון,גרמים,400.00,100 גרם,false,,39.90,0.0997,true,1,1439989
7290018468319,false,נקניקיה טבעונית בסגנון צוריסוס טירת צבי 400 גרם,טירת צבי,IL,נקניקיה צמחית בסגנון,גרמים,400.00,100 גרם,false,,39.90,0.0997,true,1,1439990
7290018471463,false,תפוזינה נקטר תפוז מנגו קרטונית 1 ליטר,"יפאורה תבורי בע""מ",IL,תפוזינה נקטר תפוז מנ,מיליליטרים,1000.00,"100 מ""ל",false,,7.20,0.0072,true,1,1434905
7290018471494,false,תפוזינה משקה תפוז גזר קרטונית 1 ליטר,"יפאורה תבורי בע""מ",IL,תפוזינה משקה תפוז גז,מיליליטרים,1000.00,"100 מ""ל",false,,7.20,0.0072,true,1,1434908
7290018471906,false,שוופס מוגז פירות לימונדה ורודה 1.5 ליטר פיקדון,"יפאורה תבורי בע""מ",IL,שוופס מוגז פינק למונ,מיליליטרים,1500.00,"100 מ""ל",false,,9.10,0.0061,true,1,1438015
7290018471913,false,משקה מוגז פירות תפוחים שוופס 1.5 ליטר,"יפאורה תבורי בע""מ",IL,שוופס מוגז תפוחים 1.,מיליליטרים,1500.00,"100 מ""ל",false,,9.30,0.0062,true,1,1438016
7290018471937,false,שוופס מוגז פירות תות ליים 1.5 ליטר פיקדון,"יפאורה תבורי בע""מ",IL,שוופס מוגז פירות תות,מיליליטרים,1500.00,"100 מ""ל",false,,9.10,0.0061,true,1,1438017
7290018471944,false,שוופס מוגז פירות לימונייד 1.5 ליטר פיקדון,"יפאורה תבורי בע""מ",IL,שוופס מוגז למונייד 1,מיליליטרים,1500.00,"100 מ""ל",false,,9.10,0.0061,true,1,1438018
7290018517321,false,"קוואקר שבולת שועל, 500 גרם ""נאמן""",ר.ס.,,שבולת שועל מהיר הכנה,גרמים,500.00,100 גרם,false,,8.50,0.0170,true,1,1439903
7290018517529,false,עוגיות קרם סנדוויץ 900 גרם,,,עוגיות קרם סנדוויץ ח,גרמים,900.00,100 גרם,false,,19.90,0.0221,true,1,1441550
7290018517536,false,עוגיות קרם סנדוויץ צילינדר 150 גרם,,,עוגיות קרם סנדוויץ צ,גרמים,150.00,100 גרם,false,,4.90,0.0327,true,1,1441551
7290018517550,false,עוגיות שוקו ממולאות 160 גרם,,,עוגיות שוקו ממולאות,גרמים,160.00,100 גרם,false,,6.90,0.0431,true,1,1441553
7290018564004,false,גזר גמדי רמילוי 800 גר,,,גזר גמדי 800 גרם רמי,גרמים,800.00,100 גרם,false,,8.90,0.0111,true,1,1435012
7290018564011,false,אפונת גינה רמילוי 800 גר,,,אפונת גינה 800 גרם ר,גרמים,800.00,100 גרם,false,,8.90,0.0111,true,1,1435013
7290018564028,false,אפונה עדינה 600ג רמילוי,,,אפונה עדינה 600 גרם,גרמים,600.00,100 גרם,false,,10.90,0.0182,true,1,1435014
7290018564059,false,שעועית ירוקה שלמה עדינה 600ג רמילוי,,,שעועית ירוקה שלמה עד,גרמים,600.00,100 גרם,false,,10.90,0.0182,true,1,1435017
7290018564066,false,אפונה וגזר רמילוי 800 גר,,,אפונה וגזר 800 גרם ר,גרמים,800.00,100 גרם,false,,9.90,0.0124,true,1,1435018
7290018564073,false,במיה קפוא 600ג רמילוי,,,במיה 600 גרם רמי לוי,גרמים,600.00,100 גרם,false,,8.90,0.0148,true,1,1435019
7290018564080,false,לקט ירקות רמילוי 800 גר,,,לקט ירקות העונה 800,גרמים,800.00,100 גרם,false,,10.90,0.0136,true,1,1435020
7290018564110,false,ארטישוק קפוא 400ג רמילוי,,,ארטישוק קפוא 400 גרם,גרמים,400.00,100 גרם,false,,8.90,0.0223,true,1,1435021
7290018564127,false,לקט לקוסקוס רמילוי 800 גר,,,לקט לקוסקוס 800 גרם,גרמים,800.00,100 גרם,false,,11.90,0.0149,true,1,1435022
7290018564134,false,גרעיני תירס 800גר רמי לוי,,,גרעיני תירס 800 גרם,גרמים,800.00,100 גרם,false,,8.90,0.0111,true,1,1435023
7290018564141,false,גרגירי חומוס מבושלים 800גר רמי לוי,,,גרעיני חומוס מבושלים,גרמים,800.00,100 גרם,false,,9.90,0.0124,true,1,1435024
7290018564158,false,שעועית לבנה מבושלים 800גר רמי לוי,,,שעועית לבנה מבושלת 8,גרמים,800.00,100 גרם,false,,9.90,0.0124,true,1,1435025
7290018564165,false,כרובית 800גר רמי לוי,,,כרובית 800 גרם רמי ל,גרמים,800.00,100 גרם,false,,9.90,0.0124,true,1,1435026
7290018564172,false,ברוקולי 800גר רמי לוי,,,ברוקולי 800 גרם רמי,גרמים,800.00,100 גרם,false,,14.90,0.0186,true,1,1435027
7290018564202,false,לקט ירקות למרק רמילוי 800 גר,,,לקט ירקות למרק 800 ג,גרמים,800.00,100 גרם,false,,11.90,0.0149,true,1,1435029
7290018564554,false,מלפפונים חמוצים ביתיים כבושים 500 גרם,,,מלפפונים חמוצים ביתי,גרמים,500.00,100 גרם,false,,22.90,0.0458,true,1,1436696
7290018564585,false,ירקות חמוצים בטעם חמוץ מתוק 500 גרם,,,ירקות כבושים חמוץ מת,גרמים,500.00,100 גרם,false,,22.90,0.0458,true,1,1436698
7290018720004,false,"עוגיות סנדוויץ במילוי קרם תות ""מעדני המלך"" 150 גרם",סנו מפעלי ברונוס.,IL,עוגיות סנדוויץ תות 1,גרמים,150.00,100 גרם,false,,3.50,0.0233,true,1,1436786
7290018720011,false,ביסקוויט קרנבל חיות בטעם וניל 250 ג' מעדני מלך,הגביע מוצרי וופלים,IL,מעדני מלך- קרנבל חיו,גרמים,250.00,100 גרם,false,,6.90,0.0276,true,1,1434780
7290018720028,false,קרנבל אותיות ביסקוויט בטעם חמאה 250 ג' מעדני מלך,הגביע מוצרי וופלים,IL,מעדני מלך- אותיות 25,גרמים,250.00,100 גרם,false,,6.90,0.0276,true,1,1434781
7290018720103,false,אפיפית וופל ללא סוכר בטעם שוקו 250 גרם,"גילרו בע""מ",IL,וופל ללא סוכר מעדני,גרמים,250.00,100 גרם,false,,8.90,0.0356,true,1,1437371
7290018720110,false,מעדני המלך- יאמי עוגיות ממולאות בקרם אגוזים 30% 150 גרם,הגביע,IL,עוגיות ממולאות בקרם,גרמים,150.00,100 גרם,false,,6.90,0.0460,true,1,1437057
7290018825013,false,"תפו""א אדום תפזורת",3 יחידות,,"תפו""א אדום תפזורת",קילוגרמים,1.00,"ק""ג",true,,5.90,5.9000,true,1,1441695
7290018825211,false,"תפו""א לבן תפזורת",3 יחידות,,"תפו""א לבן תפזורת",קילוגרמים,1.00,"ק""ג",true,,4.90,4.9000,true,1,1441696
7290018878170,false,אגו שוקולד מריר 60% מוצקי קקאו 2*100גר,כרמית תעשיות ממתקים,IL,זוג שוקולד 60% מריר,גרמים,200.00,100 גרם,false,,9.90,0.0495,true,1,1439952
7290018879979,false,מרשמלו רגיל לבן בטעם וניל 150 גרם ויסטהיים,כרמית,IL,מרשמלו רגיל לבן בטעם,גרמים,150.00,100 גרם,false,,4.90,0.0327,true,1,1439961
7290018893401,false,צ'וקטה שוקולד מריר מוצקי קקאו 100 70% גרם,צ'וקטה Chocketa,ES,צ'וקטה שוקולד מריר 7,גרמים,100.00,100 גרם,false,,7.90,0.0790,true,1,1437725
7290018893517,false,חטיף בייגלה אפוי מצופה שוקולד מריר - חלבי,צ'וקטה Chocketa,RO,בייגלה שטוח מצופה שו,גרמים,80.00,100 גרם,false,,6.90,0.0863,true,1,1438527
7290018894200,false,בלקוני וופל קוביות וניל 250 גרם,בלקוני Balconi,IT,בלקוני וופל קוביות ו,גרמים,250.00,100 גרם,false,,11.90,0.0476,true,1,1438900
7290018925065,false,מיץ פרימור תפוזים סחוט 2 ליטר-,"גניר (1992) בע""מ",IL,מיץ תפוזים סחוט פרימ,מיליליטרים,2000.00,"100 מ""ל",false,,27.20,0.0136,true,1,1438183
7290018925072,false,משקה קל לימונים ונענע 2 ל פרימור,"גניר (1992) בע""מ",IL,מיץ לימונענע פרימור,מיליליטרים,2000.00,"100 מ""ל",false,,27.20,0.0136,true,1,1438184
7290018972144,false,תומר שניצל תירס 500 גרם,,,שניצל תירס תומר 500,גרמים,500.00,100 גרם,false,,19.90,0.0398,true,1,1439783
7290018972373,false,פרוזן פולי סויה אדממה 450 גרם,זהיג'אנג קינגשור,CN,פרוזן אדממה 450 גרם,גרמים,450.00,100 גרם,false,,8.90,0.0198,true,1,1439786
7290018972618,false,תומר תמר מגהול לח קפ,,IL,תומר תמר מגהול לח קפ,גרמים,1000.00,100 גרם,false,,19.90,0.0199,true,1,1439788
7290019036234,false,שיני שום קלופות ארוז,,,שיני שום קלופות 200,גרמים,200.00,100 גרם,false,,13.90,0.0695,true,1,1442818
7290019056027,false,שוופס מוגז פירות תפוחים ללא סוכר 1.5 ליטר פיקדון,"יפאורה תבורי בע""מ",IL,שוופס מוגז פירות ללס,מיליליטרים,1500.00,"100 מ""ל",false,,8.20,0.0055,true,1,1438019
7290019056065,false,שוופס מוגז עדין פירות יער 1.5 ליטר פיקדון,"יפאורה תבורי בע""מ",IL,שוופס מוגז עדין פירו,מיליליטרים,1500.00,"100 מ""ל",false,,8.80,0.0059,true,1,1438020
7290019056072,false,שוופס מוגז עדין אננס 1.5 ליטר פיקדון,מיוצר עי קונדיטוריית,IL,שוופס מוגז עדין אננס,מיליליטרים,1500.00,"100 מ""ל",false,,8.80,0.0059,true,1,1438021
7290019056096,false,שוופס מוגז עדין אפרסק 1.5 ליטר פיקדון,"יפאורה תבורי בע""מ",IL,שוופס מוגז עדין אפרס,מיליליטרים,1500.00,"100 מ""ל",false,,8.80,0.0059,true,1,1438022
7290019056164,false,שוופס סודה 1.5 ליטר רביעייה פיקדון,"יפאורה תבורי בע""מ",IL,רביעית שוופס סודה 1.,מיליליטרים,1500.00,"100 מ""ל",false,,12.10,0.0081,true,1,1438024
7290019056201,false,שוופס סודה פירות יער 1.5 ליטר רביעייה פיקדון,"יפאורה תבורי בע""מ",IL,סודה בטעם פירות יער,מיליליטרים,6000.00,"100 מ""ל",false,,12.10,0.0020,true,1,1438027
7290019056232,false,משקה מוגז בטעם ליים מוחיטו 1.5 ל' שוופס,"יפאורה תבורי בע""מ",IL,שוופס ליים מוחיטו 1.,מיליליטרים,1500.00,"100 מ""ל",false,,9.10,0.0061,true,1,1438028
7290019056249,false,שוופס מים בטעמים ענבים 1.5 ליטר פיקדון,מיוצר עי קונדיטוריית,IL,מים בטעם ענבים שוופס,מיליליטרים,1500.00,"100 מ""ל",false,,8.20,0.0055,true,1,1438029
7290019056256,false,שוופס מים בטעמים תפוחים 1.5 ליטר פיקדון,מיוצר עי קונדיטוריית,IL,מים בטעם תפוח שוופס,מיליליטרים,1500.00,"100 מ""ל",false,,8.20,0.0055,true,1,1439651
7290019056263,false,שוופס מים בטעמים אפרסק 1.5 ליטר פיקדון,מיוצר עי קונדיטוריית,IL,מים בטעם אפרסק שוופס,מיליליטרים,1500.00,"100 מ""ל",false,,8.20,0.0055,true,1,1438030
7290019056294,false,שוופס ג'ינג'ר אייל 1.5 ליטר פיקדון,"יפאורה תבורי בע""מ",IL,שוופס ג'ינג'ר 1.5 לי,מיליליטרים,1500.00,"100 מ""ל",false,,12.20,0.0081,true,1,1438031
7290019056300,false,משקה בטעם ביטר לימון 1.5 ל' שוויפס,"יפאורה תבורי בע""מ",IL,שוופס ביטר 1.5 ליטר,מיליליטרים,1500.00,"100 מ""ל",false,,12.20,0.0081,true,1,1438032
7290019056379,false,תפוזינה תפוזים 1.5 ליטר פיקדון,"יפאורה תבורי בע""מ",IL,תפוזינה תפוזים 1.5 ל,מיליליטרים,1500.00,"100 מ""ל",false,,9.60,0.0064,true,1,1438037
7290019056478,false,ספרינג טי קר אפרסק 1.5ליטר פיקדון,"יפאורה תבורי בע""מ",IL,ספרינג תה אפרסק 1.5,מיליליטרים,1500.00,"100 מ""ל",false,,8.80,0.0059,true,1,1438039
7290019056485,false,ספריג תה ירוק לימון לואיזה 1.5 ליטר פיקדון,"יפאורה תבורי בע""מ",IL,ספרינג תה ירוק לימון,מיליליטרים,1500.00,"100 מ""ל",false,,8.20,0.0055,true,1,1438040
7290019056515,false,פרוט ווטר אננס 1.5 ליטר פיקדון,"יפאורה תבורי בע""מ",IL,משקה בטעם אננס פרוט,מיליליטרים,1500.00,"100 מ""ל",false,,8.80,0.0059,true,1,1438041
7290019056522,false,פרוט ווטר תות 1.5 ליטר פיקדון,"יפאורה תבורי בע""מ",IL,משקה בטעם תות פרוט ו,מיליליטרים,1500.00,"100 מ""ל",false,,8.80,0.0059,true,1,1438042
7290019056553,false,עין גדי מים מינרלים 2 ליטר*6 יח',עין גדי מים מינרליים,IL,מים מינרלים עין גדי,ליטרים,12.00,ליטר,false,,13.80,1.1500,true,1,1438044
7290019056560,false,עין גדי 2 ליטר בק' בודד פיקדון,יפאורה תבורי,IL,עין גדי 2 ליטר בקבוק,מיליליטרים,2000.00,"100 מ""ל",false,,3.80,0.0019,true,1,1438636
7290019056577,false,משקה קל מנגו ספרינג 1.5 ליטר,"יפאורה תבורי בע""מ",IL,ספרינג מנגו 1.5 ליטר,מיליליטרים,1500.00,"100 מ""ל",false,,9.40,0.0063,true,1,1437927
7290019056584,false,משקה קל תפוזים ספרינג 1.5 ליטר,"יפאורה תבורי בע""מ",IL,משקה קל תפוזים ספרינ,מיליליטרים,1500.00,"100 מ""ל",false,,9.40,0.0063,true,1,1438045
7290019056591,false,משקה קל ענבים ספרינג 1.5 ליטר,"יפאורה תבורי בע""מ",IL,ספרינג ענבים 1.5 ליט,מיליליטרים,1500.00,"100 מ""ל",false,,9.40,0.0063,true,1,1438046
7290019056621,false,משקה קל פירות טרופיים ספרינג 1.5 ליטר,"יפאורה תבורי בע""מ",IL,ספרינג פירות טרופיים,מיליליטרים,1500.00,"100 מ""ל",false,,9.40,0.0063,true,1,1438048
7290019056638,false,משקה קל תות בננה ספרינג 1.5 ליטר,"יפאורה תבורי בע""מ",IL,ספרינג תות בננה 1.5,מיליליטרים,1500.00,"100 מ""ל",false,,9.40,0.0063,true,1,1438049
7290019056645,false,משקה קל אגס תפוח סברס ספרינג 1.5 ליטר,"יפאורה תבורי בע""מ",IL,ספרינג אגס סברס תפוח,מיליליטרים,1500.00,"100 מ""ל",false,,9.40,0.0063,true,1,1438050
7290019056669,false,משקה קל תפוחים דיאט ספרינג 1.5 ליטר,"יפאורה תבורי בע""מ",IL,ספרינג תפוחים לייט 1,מיליליטרים,1500.00,"100 מ""ל",false,,8.20,0.0055,true,1,1438052
7290019056942,false,מים מינרליים טבעיים,יפאורה,IL,עין גדי 2 ליטר בקבוק,מיליליטרים,2000.00,"100 מ""ל",false,,3.80,0.0019,true,1,1438637
7290019056959,false,מי עדן 1.5 ליטר בק' בודד פיקדון,מופק ממקור בזלתי עדן,IL,מי עדן 1.5 ליטר,מיליליטרים,1500.00,"100 מ""ל",false,,4.50,0.0030,true,1,1438638
7290019056966,false,מי עדן בקבוק פיקדון 1.5 ליטר,"מי עדן בע""מ",IL,מי עדן 1.5 ליטר,מיליליטרים,1500.00,"100 מ""ל",false,,4.50,0.0030,true,1,1438639
7290019056973,false,שישיית מי עדן 1.5 ליטר משפחתי,מופק ממקור בזלתי עדן,IL,מים מינרליים מי עדן,מיליליטרים,9000.00,"100 מ""ל",false,,14.70,0.0016,true,1,1438053
7290019153078,false,"שוופס ביטר למון לייט, 1.5 ליטר פקדון","יפאורה תבורי בע""מ",IL,שוופס ביטר למון לייט,מיליליטרים,1500.00,"100 מ""ל",false,,12.20,0.0081,true,1,1438635
7290019153085,false,שוופס מוגז ליים מוחיטו ללא סוכר 1.5 ליטר-,"יפאורה תבורי בע""מ",IL,שוופס מוחיטו ללא סוכ,מיליליטרים,1500.00,"100 מ""ל",false,,8.90,0.0059,true,1,1439061
7290019153221,false,"סודה בטעם אננס 500 מ""ל שוופס",יפאורה תבורי,IL,שוופס סודה אננס 0.5,מיליליטרים,500.00,"100 מ""ל",false,,4.90,0.0098,true,1,1439830
7290019153238,false,"סודה בטעם תפוח 500 מ""ל שוופס",יפאורה תבורי,IL,שוופס סודה תפוח 0.5,מיליליטרים,500.00,"100 מ""ל",false,,4.90,0.0098,true,1,1439831
7290019153245,false,שוופס סודה לימון 0.5ל,יפאורה תבורי,IL,שוופס סודה לימון 0.5,מיליליטרים,500.00,"100 מ""ל",false,,4.90,0.0098,true,1,1439832
7290019167020,false,עוגת גבינה עם פירות יער לייט 80 ג' קינוחי עדן,תנובה,IL,עוגת גבינה עם פירות,גרמים,80.00,100 גרם,false,,6.90,0.0863,true,1,1441725
7290019167037,false,קינוח עדן תותים בקצפת 82 גרם,תנובה,IL,תותים בקצפת עדן 82 ג,גרמים,82.00,100 גרם,false,,6.90,0.0841,true,1,1441726
7290019167044,false,קצפת עם קרם בייגלה מתוק מלוח 82 ג' עדן,תנובה,IL,קצפת עם קרם בייגלה מ,גרמים,82.00,100 גרם,false,,6.90,0.0841,true,1,1441727
7290019204107,false,עוף טוב פסטרמה בטעם אווז 320גרם,עיצובים 2020 (4.9),IL,פסטרמה בטעם אווז עוף,גרמים,320.00,100 גרם,false,,25.90,0.0809,true,1,1440395
7290019204305,false,חזה הודו פסטרמה ברביקיו 350 גר',עיצובים 2020 (4.9),IL,פסטרמה ברביקיו עוף ט,גרמים,350.00,100 גרם,false,,25.90,0.0740,true,1,1440397
7290019232155,false,"חליטת ""לילה טוב"" קמומיל לבנדר ו25 שקיקים ויסוצקי",תה ויסוצקי,IL,"תה ""לילה טוב"" קמומיל",גרמים,37.50,100 גרם,false,,25.90,0.6907,true,1,1441901
7290019232162,false,"חליטת ""לילה טוב"" קמומיל מליסה 25 שקיקים ויסוצקי",תה ויסוצקי,IL,"תה ""לילה טוב"" קמומיל",גרמים,37.50,100 גרם,false,,25.90,0.6907,true,1,1441902
7290019233015,false,רוטב שקשוקה תבשיל ירקות עם שמן זית כתית מעולה 420ג זיתא,זיתא,IT,רוטב שקשוקה ירוקה זי,גרמים,420.00,100 גרם,false,,13.90,0.0331,true,1,1439938
7290019297642,false,גרעין שחור קלוי ללא מלח ששון הקולה 150 ג',"דין שיווק וקלייה בע""",IL,גרעין שחור קלוי ללא,גרמים,150.00,100 גרם,false,,4.90,0.0327,true,1,1441820
7290055090849,false,מרשמלו כרמית 500 גרם,כרמית,IL,מרשמלו ורד לבן 0.5 ק,גרמים,500.00,100 גרם,false,,14.90,0.0298,true,1,1408058
7290100243084,false,מיונז אמיתי הלמנס 789 ג',קונפקו אינק אי.די.בי,IL,מיונז אמיתי הלמנס 78,גרמים,789.00,100 גרם,false,,20.90,0.0265,true,1,1409747
7290100243671,false,מרכך כביסה מרכך כביסה בדין אקסטרה 1 ל',יוניליוור סנאיי וי ט,TR,מרכך כביסה מרוכז כחו,מיליליטרים,960.00,"100 מ""ל",false,,17.90,0.0186,true,1,1409748
7290100680728,false,פירורית רגילה שקית 350 גרם,מיוצר עי קונדיטוריית,IL,פירורי לחם לבנים פיר,גרמים,350.00,100 גרם,false,,7.50,0.0214,true,1,1407174
7290100684139,false,פסטה מיני מקרוני אסם 500 גרם,פסטה זארה,IT,פסטה מיני מקרוני 500,גרמים,500.00,100 גרם,false,,5.90,0.0118,true,1,1407185
7290100685136,false,"אבקת מרק בטעם עוף אסם 1 ק""ג","אסם תעשיות בע""מ",IL,מרק בטעם עוף פרווה כ,גרמים,1000.00,100 גרם,false,,14.90,0.0149,true,1,1407189
7290100685341,false,אבקת מרק טעם עוף זך רכיבים טבעיים אסם 400 גרם,"אסם תעשיות בע""מ",IL,מרק בטעם עוף זך מרכי,גרמים,400.00,100 גרם,false,,15.90,0.0398,true,1,1407192
7290100700020,false,סוגת גריסי פנינה 500 גרם,האי נאם סי או אל.טי.,IL,גריסי פנינה סוגת 500,גרמים,500.00,100 גרם,false,,5.90,0.0118,true,1,1414649
7290100700266,false,פירורי לחם לבנים 200 ג' סוגת,"סוגת תעשיות בע""מ",IL,פירורי לחם לבנים סוג,גרמים,200.00,100 גרם,false,,3.90,0.0195,true,1,1414673
7290100700273,false,קינואה לבנה 500 ג סו,האי נאם סי או אל.טי.,IL,קינואה סוגת 500 גרם,גרמים,500.00,100 גרם,false,,13.90,0.0278,true,1,1413326
7290100700372,false,"סוגת אורז בסמטי מלא 1 ק""ג",האי נאם סי או אל.טי.,IL,אורז בסמטי מלא סוגת,גרמים,1000.00,100 גרם,false,,13.90,0.0139,true,1,1406457
7290100700396,false,"סוגת אורז יסמין קלאסי 1 ק""ג",האי נאם סי או אל.טי.,IL,אורז יסמין קלאסי סוג,גרמים,1000.00,100 גרם,false,,12.30,0.0123,true,1,1413327
7290100700587,false,"בורגול ""סוגת"" 500 גרם",האי נאם סי או אל.טי.,IL,בורגול סוגת 500 גרם,גרמים,500.00,100 גרם,false,,5.90,0.0118,true,1,1413328
7290100701454,false,סוגת גרישה סוגת 500 גרם,"סוגת תעשיות בע""מ",IL,גרישה בורגול דק סוגת,גרמים,500.00,100 גרם,false,,5.90,0.0118,true,1,1414652
7290100702994,false,סוגת סוכר דמררה קלאסי בשקית 500 גרם,"סוגת תעשיות בע""מ",IL,סוכר דמררה בשקית סוג,גרמים,500.00,100 גרם,false,,5.90,0.0118,true,1,1413336
7290100703007,false,"עדשים שחורות בלוגה 500 גרם ""סוגת""",האי נאם סי או אל.טי.,IL,עדשים שחורות סוגת 50,גרמים,500.00,100 גרם,false,,7.90,0.0158,true,1,1406491
7290100858592,false,אבקת קקאו עלית שקית 150 ג',הנסיך- מפעל לייצור ט,IL,שקית קקאו עלית 150 ג,גרמים,150.00,100 גרם,false,,9.90,0.0660,true,1,1416515
7290100924457,false,כדוריות סבון נתלה לאסלה לימון רענן - 3 יח',הנקל סוד,HU,סבון לאסלה לימון סוד,גרמים,150.00,100 גרם,false,,18.90,0.1260,true,1,1437306
7290101112464,false,שלגון אייס ונילה - חלבי פלדמן,,,גרניטה אייס ונילה -,גרמים,80.00,100 גרם,false,,2.90,0.0362,true,1,1440421
7290101501176,false,פלפלונים רמי לוי,מ.ע יזמות,IL,פלפלונים רמי לוי,יחידה,1.00,יחידה,false,,9.90,9.9000,true,1,1420984
7290101501305,false,מלפפונים קטנים ארוזי,חקלאי,IL,מלפפון בייבי רמי לוי,יחידה,1.00,יחידה,false,,9.90,9.9000,true,1,1420985
7290101551300,false,סילאן טבעי ללא תוספת סוכר בקבוק לחיץ,מכוורת יד מרדכי,IL,סילאן טבעי לחיץ 380,גרמים,380.00,100 גרם,false,,14.90,0.0392,true,1,1416520
7290101551539,false,יוגורט PRO בטעם אפרסק 0% 20 גרם חלבון בגביע,דנונה - שטראוס,IL,דנונה פרו 20 גר אפרס,גרמים,200.00,100 גרם,false,,5.90,0.0295,true,1,1405681
7290101551584,false,תפוצ'יפס קידס מארז 10 יח' * 20 ג',"שטראוס פריטו ליי בע""",IL,מארז תפוצ'יפס קידס 1,גרמים,200.00,100 גרם,false,,12.90,0.0645,true,1,1406151
7290101551614,false,חטיף צ'יטוס קראנץ בטעם גבינה - מארז 8 יח',שטראוס פריטו ליי (מל,IL,חטיף צ'יטוס קראנץ' ג,גרמים,240.00,100 גרם,false,,14.90,0.0621,true,1,1406153
7290101551638,false,חטיף צ'יטוס כאפה בטעם קטשופ - מארז 10 יח',"שטראוס פריטו ליי בע""",IL,מארז ציטוס כאפה 10*2,גרמים,200.00,100 גרם,false,,12.90,0.0645,true,1,1406155
7290102030330,false,תפוצ'יפס קראנצ' בטעם מקסיקני 200 גרם,"שטראוס פריטו ליי בע""",IL,תפוצ'פס קראנצ מקסיקנ,גרמים,200.00,100 גרם,false,,10.90,0.0545,true,1,1406164
7290102302253,false,"גבינת גאודה עיזים חצי קשה 34%, 200 גרם",מיוצר עי קונדיטוריית,NL,גבינת עיזים חצי קשה,גרמים,200.00,100 גרם,false,,29.90,0.1495,true,1,1437333
7290102302260,false,גבינת גרנה פדנה אמבר,הנסיך- מפעל לייצור ט,IT,גרנה פדנו 200 גרם,גרמים,200.00,100 גרם,false,,29.90,0.1495,true,1,1409132
7290102391844,false,יוגורט ביו עם קציפת פירות יער3% שומן 150 ג' מולר,מולר Muller,IL,יוגורט ביו פרופ קציפ,מיליליטרים,150.00,"100 מ""ל",false,,5.20,0.0347,true,1,1413620
7290102393039,false,"יוגורט ביו קרמי מיקס פצפוצי שוקולד 7.6% מולר 170 מ""ל",קריות זול,IL,יוגורט מיקס פצפוצי ש,גרמים,170.00,100 גרם,false,,5.90,0.0347,true,1,1413626
7290102393176,false,סימפלי פרוט יוגורט אפרסק 3% שומן 150 ג' מולר,מילקו תעשיות בעמ,IL,יוגורט סימפלי פרוט א,מיליליטרים,150.00,"100 מ""ל",false,,5.10,0.0340,true,1,1413629
7290102393190,false,"יוגורט סימפלי פרוט בטעם פירות יער 3% מולר 150 מ""ל",מילקו תעשיות בעמ,IL,יוגורט סימפלי פרוט פ,מיליליטרים,150.00,"100 מ""ל",false,,5.10,0.0340,true,1,1413630
7290102393947,false,סימפלי פרוט יוגורט בטעם קיווי 3% שומן 150 ג' מולר,מילקו תעשיות בעמ,IL,יוגורט סימפלי פרוט ק,גרמים,150.00,100 גרם,false,,5.10,0.0340,true,1,1413637
7290102394821,false,נעם גבינה צהובה פרוסה 28% טרה 200 גרם,מילקו תעשיות בעמ,IL,פרוסות גבינה צהובה 2,גרמים,200.00,100 גרם,false,,15.80,0.0790,true,1,1413642
7290102395446,false,מעדן חלב בטעם וניל עם קצפת 123 ג' טרה,Unknown,IL,מוו וניל וקצפת 123 ג,גרמים,123.00,100 גרם,false,,2.90,0.0236,true,1,1413649
7290102395477,false,מעדן חלב בטעם שוקולד עם קצפת 123 ג' טרה,Unknown,IL,מוו שוקולד קצפת 123,גרמים,123.00,100 גרם,false,,2.90,0.0236,true,1,1413651
7290102396436,false,"מעדן מוו שוקולד 1.5% 125 גרם בד""צ",טרה,IL,מוו מעדן חלב שוקולד,גרמים,125.00,100 גרם,false,,2.90,0.0232,true,1,1413656
7290102396597,false,מעדן חלב מוו עם מוס שוקולד וניל,טרה,IL,מעדן מוו וניל ומוס ש,גרמים,118.00,100 גרם,false,,2.90,0.0246,true,1,1413660
7290102397334,false,גבינה בולגרית 5% צוריאל גליל 250ג',מחלבת משק צוריאל,IL,בולגרית גלילית 5% 25,גרמים,250.00,100 גרם,false,,22.50,0.0900,true,1,1413680
7290102397464,false,יוגורט ביו בתוספת גרעינים אגוזים וחמוציות 170 ג' מולר,מולר Muller,IL,יוגורט ביו נטורל פקא,גרמים,170.00,100 גרם,false,,5.90,0.0347,true,1,1413685
7290102398560,false,שוקו מעושר בבקבוק 1ל' טרה,מילקו תעשיות בעמ,IL,שוקו טרה מועשר בבקבו,מיליליטרים,1000.00,"100 מ""ל",false,,11.90,0.0119,true,1,1413713
7290102398614,false,משקה חלב בטעם בננה 1 ליטר טרה,מילקו תעשיות בעמ,IL,משקה חלב בטעם בננה 1,מיליליטרים,1000.00,"100 מ""ל",false,,11.90,0.0119,true,1,1413715
7290103401429,false,קפה קצב ברזילאי אוריגינס 200 גר,הנסיך- מפעל לייצור ט,IL,קפה פלטינום ברזילאי,גרמים,200.00,100 גרם,false,,24.90,0.1245,true,1,1416527
7290103404758,false,סלט כרוב אדום אחלה 120 גרם,מיוצר עי קונדיטוריית,IL,סלט כרוב אחלה 120 גר,גרמים,120.00,100 גרם,false,,4.90,0.0408,true,1,1405700
7290103681210,false,"יין הר שרדונה מיתוג תנשמת 750 מ""ל",מיוצר על ידי יקב תבו,IL,יין לבן יבש הר שרדונ,מיליליטרים,750.00,"100 מ""ל",false,,39.90,0.0532,true,1,1427781
7290103681227,false,"יין הר גוורצטרמינר מיתוג תנשמת 750 מ""ל",מיוצר על ידי יקב תבו,IL,יין לבן חצי יבש הר ג,מיליליטרים,750.00,"100 מ""ל",false,,39.90,0.0532,true,1,1427782
7290103702939,false,נייר טואלט גליל כפול 16 רמילוי,,,נייר טואלט רמי לוי 1,יחידה,16.00,יחידה,false,,29.90,1.8687,true,1,1417474
7290104061417,false,סלט חומוס עם טחינה אחלה 400 גרם,"שטראוס גרופ בע""מ",IL,סלט חומוס וטחינה אחל,גרמים,400.00,100 גרם,false,,10.90,0.0273,true,1,1405701
7290104061431,false,סלט חומוס עם צנובר אחלה 400 גרם,"שטראוס גרופ בע""מ",IL,חומוס עם צנובר אחלה,גרמים,400.00,100 גרם,false,,10.90,0.0273,true,1,1405703
7290104061448,false,סלט חומוס עם חריף אחלה 400 גרם,מיוצר עי קונדיטוריית,IL,סלט חומוס וחריף אחלה,גרמים,400.00,100 גרם,false,,10.90,0.0273,true,1,1405704
7290104066566,false,טחינה משומשום מלא 500 ג' אחלה,מיוצר עי קונדיטוריית,IL,טחינה 500 גרם,גרמים,500.00,100 גרם,false,,14.90,0.0298,true,1,1405707
7290104067693,false,אחלה חומוס עם חריף 150 גרם,מיוצר עי קונדיטוריית,IL,חומוס חריף אחלה 150,גרמים,150.00,100 גרם,false,,5.50,0.0367,true,1,1405709
7290104068539,false,מאסט פליפטופ מלון ואבטיח ללא גרעינים,"שטראוס גרופ בע""מ",IL,מאסט מלון אבטיח כשלפ,גרמים,28.00,100 גרם,false,,4.50,0.1607,true,1,1416537
7290104068546,false,גומי מאסט בטעם לימון קולה ללא סוכר 28 ג' עלית,"שטראוס גרופ בע""מ",IL,מאסט קולה לימון ללא,גרמים,28.00,100 גרם,false,,4.50,0.1607,true,1,1416538
7290104364433,false,בונבוניירה חלון לב 1,,,בונבוניירה חלון לב 1,גרמים,120.00,100 גרם,false,,15.90,0.1325,true,1,1441478
7290104500572,false,אפרופו חטיף תירס איטליאנו אסם 50 גרם,מיוצר עי קונדיטוריית,IL,אפרופו איטליאנו אסם,גרמים,50.00,100 גרם,false,,4.90,0.0980,true,1,1407198
7290104501661,false,אינסטנט פודינג בטעם וניל צרפתי אסם 80 גרם,מיוצר עי קונדיטוריית,IL,פודינג אינסטנט בטעם,גרמים,80.00,100 גרם,false,,4.90,0.0613,true,1,1407199
7290104508943,false,במבה חטיף בוטנים אסם 200 גרם,"אסם תעשיות בע""מ",IL,במבה קלאסי 200 גרם,גרמים,200.00,100 גרם,false,,8.90,0.0445,true,1,1407206
7290104570162,false,תמרים ללא חרצנים תמר כבוש 500 גרם,תמר העמקים בית שאן,IL,תמרים ללא חרצנים בוא,גרמים,500.00,100 גרם,false,,13.90,0.0278,true,1,1414620
7290104570513,false,"תמר מגהול כחול 1 ק""",פרי וירק טמרה ושותפי,IL,"תמר מג'הול 1 ק""ג",גרמים,1000.00,100 גרם,false,,19.90,0.0199,true,1,1417102
7290104722530,false,תפוצ'יפס בטעם שמנת בצל עלית 200 גרם,"שטראוס פריטו ליי בע""",IL,תפוציפס שמנת בצל 200,גרמים,200.00,100 גרם,false,,10.90,0.0545,true,1,1406167
7290104726712,false,מארז 8 יחידות מעדן מילקי בטעם שוקולד עם קצפת,"שטראוס גרופ בע""מ",IL,מארז 8 מילקי בטעם שו,גרמים,1064.00,100 גרם,false,,19.90,0.0187,true,1,1405715
7290105036544,false,כרטיס ברכה גדול,,,כרטיס ברכה גדול,יחידה,1.00,יחידה,false,,2.50,2.5000,true,1,1419964
7290105360328,false,קפסולות אספרסו חזק למכונות נספרסו 10 יח',הנסיך- מפעל לייצור ט,IL,קפסולות 10 למכונות N,יחידה,10.00,יחידה,false,,17.90,1.7900,true,1,1416544
7290105360762,false,"שמן זית 1 עדין 750 מ""ל יד מרדכי",מכוורת יד מרדכי שטרא,IL,שמן זית 1 עדין 750 מ,מיליליטרים,750.00,"100 מ""ל",false,,33.90,0.0452,true,1,1416547
7290105360878,false,תפוציפס טבעי 50 גרם מארז רביעייה,"שטראוס פריטו ליי בע""",IL,תפוצ'יפס טבעי עלית 4,גרמים,200.00,100 גרם,false,,11.90,0.0595,true,1,1406169
7290105362339,false,"שמנת לבישול 15% 250 מ""ל יטבתה מהדרין",שטראוס גרופ,IL,שמנת לבישול 15% יטבת,מיליליטרים,250.00,"100 מ""ל",false,,7.90,0.0316,true,1,1405721
7290105363602,false,מקלות כיף כף קלאסי עלית 40 גרם,"איי, בי, אינבוו",TR,כיף כף מקלות קלאסי 4,גרמים,40.00,100 גרם,false,,4.90,0.1225,true,1,1416550
7290105364289,false,מקלות כיף כף פצפוצים עלית 40 גרם,"איי, בי, אינבוו",TR,כיף כף מקלות פצפוצים,גרמים,40.00,100 גרם,false,,4.90,0.1225,true,1,1416551
7290105364302,false,"עלית חטיף שוקולד כיף כף מקלות אגוזים, 40 גרם","איי, בי, אינבוו",TR,כיף כף מקלות אגוזים,גרמים,40.00,100 גרם,false,,4.90,0.1225,true,1,1416552
7290105368904,false,"שמנת מתוקה להקצפה 32% שומן 250 מ""ל יוטבתה",שטראוס גרופ,IL,שמנת מתוקה להקצפה 32,מיליליטרים,250.00,"100 מ""ל",false,,7.30,0.0292,true,1,1405731
7290105369130,false,סימפוניה גבינת שמנת בצל ירוק 5% שטראוס 200 גרם,"שטראוס בריאות בע""מ",IL,סימפוניה בצל ירוק 20,גרמים,200.00,100 גרם,false,,11.00,0.0550,true,1,1405734
7290105369451,false,צ'יטוס אפוי דולפינים בטעם גבינה,שטראוס פריטו ליי (מל,IL,ציטוס דולפינים 55 גר,גרמים,55.00,100 גרם,false,,3.50,0.0636,true,1,1406170
7290105691248,false,אסם חטיפי פריכונים טורטייה תירס 60 גרם,"מיוצר ע""י PT, משווק",IL,אסם חטיפי פריכונים ט,גרמים,60.00,100 גרם,false,,7.90,0.1317,true,1,1407214
7290105691712,false,אסם עוגיות הפסקת קפה דגנים מלאים 230 גרם,היינץ צפון אמריקה מק,IL,עוגיות הפסקת קפה עם,גרמים,230.00,100 גרם,false,,10.90,0.0474,true,1,1407216
7290105691934,false,קמח שמרים אסם 1 קילו,תאי פרזידנט פוד פאבל,IL,קמח שמרים אסם 1 קילו,גרמים,1000.00,100 גרם,false,,9.90,0.0099,true,1,1407218
7290105693341,false,מארז עשיריית במבה אסם 25*10 גרם,"אסם תעשיות בע""מ",IL,חטיף בוטנים במבה 10*,גרמים,250.00,100 גרם,false,,14.90,0.0596,true,1,1407225
7290105693457,false,עוגת הבית דמקה שוקו וניל אסם 320 גרם,מיוצר עי קונדיטוריית,IL,הבית עוגת דמקה שוקו,גרמים,320.00,100 גרם,false,,11.90,0.0372,true,1,1407226
7290105695024,false,פתיתים אפויים אורז עם אטריות אסם 500 גרם,"אסם תעשיות בע""מ",IL,אסם פתיתים אפויים או,גרמים,500.00,100 גרם,false,,6.90,0.0138,true,1,1407232
7290105962331,false,סחוג אדום תימני חריף מאוד זהבי 220 גרם,אף.סי תבליני בגליל ב,IL,סחוג חריף מאד זהבי 2,גרמים,220.00,100 גרם,false,,10.90,0.0495,true,1,1405736
7290105964564,false,סלט חומוס אחלה 400גר,מיוצר עי קונדיטוריית,IL,סלט חומוס אחלה 400 ג,גרמים,400.00,100 גרם,false,,8.50,0.0213,true,1,1405741
7290105968654,false,רביולי בטטה פרווה פסטה נונה 400 ג',מיוצר עי קונדיטוריית,IL,רביולי בטטה פרווה 40,גרמים,400.00,100 גרם,false,,19.90,0.0497,true,1,1405744
7290106412064,false,פיני מרשמלו צבעוני מ,,,פיני מרשמלו צבעוני מ,גרמים,500.00,100 גרם,false,,29.90,0.0598,true,1,1428357
7290106412521,false,טופגם גומי פירות יער,,,טופגם גומי פירות יער,גרמים,500.00,100 גרם,false,,19.90,0.0398,true,1,1436839
7290106418820,false,מרשמלו מיני לבן 500,,,מרשמלו מיני לבן 500,גרמים,500.00,100 גרם,false,,29.90,0.0598,true,1,1420736
7290106520066,false,רבע לשבע במילוי קרם אגוזים ובציפוי שוקולד חלב,הגביע מוצרי וופלים ב,IL,רבע לשבע קרם אגוזים,גרמים,160.00,100 גרם,false,,10.90,0.0681,true,1,1416563
7290106520912,false,"שמנת לבישול 9% 250 מ""ל יטבתה",שטראוס גרופ,IL,שמנת לבישול 9% יטבתה,מיליליטרים,250.00,"100 מ""ל",false,,7.90,0.0316,true,1,1405750
7290106524439,false,"תפוצ'יפס פופס 60 גרם ""עלית""","שטראוס פריטו ליי בע""",IL,תפוצ'יפס פופס 60 גרם,גרמים,60.00,100 גרם,false,,4.00,0.0667,true,1,1406173
7290106525368,false,גלילי וופל רבע לשבע אין סייד אוט 125 גר,הגביע מוצרי וופלים ב,IL,רבע שבע טבעוני שחור,גרמים,125.00,100 גרם,false,,10.90,0.0872,true,1,1416565
7290106525382,false,קפה טורקי עלית 125 גר,עלית,,קפה טורקי עלית 125 ג,גרמים,125.00,100 גרם,false,,9.90,0.0792,true,1,1416566
7290106526822,false,פריכיות אורז חום מלא תחתית שוקולד חלב 80 גרם,"טחנת האבן תעשיות בע""",IL,פריכיות אורז חום מלא,גרמים,80.00,100 גרם,false,,8.00,0.1000,true,1,1416568
7290106528567,false,"דוריטוס גריל 185 גרם ""עלית""",שטראוס פריטו ליי (מל,IL,דוריטוס גריל 185 גרם,גרמים,185.00,100 גרם,false,,7.90,0.0427,true,1,1406174
7290106528628,false,"דוריטוס טבעי 185 גרם ""עלית""","שטראוס פריטו ליי בע""",IL,דוריטוס טבעי 185 גרם,גרמים,185.00,100 גרם,false,,7.90,0.0427,true,1,1406175
7290106571709,false,רוטב אסם צילי מתוק כ,מיוצר עי קונדיטוריית,IL,אסם רוטב צ'ילי מתוק,גרמים,290.00,100 גרם,false,,10.90,0.0376,true,1,1428164
7290106572065,false,חטיפי פריכונים טורטיה חמוץ מתוק 60 גרם,"מיוצר ע""י PT, משווק",IL,חטיפי טורטיה תירס בט,גרמים,60.00,100 גרם,false,,7.90,0.1317,true,1,1407246
7290106573598,false,צבר חומוס לבנוני 400 גרם,סלטי צבר,IL,חומוס לבנוני צבר 400,גרמים,400.00,100 גרם,false,,11.90,0.0298,true,1,1407255
7290106573628,false,צבר חומוס עם טחינה 400 גרם,לחמנו,IL,חומוס עם טחינה צבר 4,גרמים,400.00,100 גרם,false,,11.90,0.0298,true,1,1407256
7290106574793,false,עוגת הבית בטעם שוקו-שוקוצ'יפס 350 ג' אסם,מיוצר עי קונדיטוריית,IL,עוגת הבית שוקו שוקוצ,גרמים,350.00,100 גרם,false,,11.90,0.0340,true,1,1407263
7290106574953,false,בייגלה שטוחים כעכים שטוחים עם שומשום,מיוצר עי קונדיטוריית,IL,בייגלה שטוחים שומשום,גרמים,300.00,100 גרם,false,,9.90,0.0330,true,1,1407264
7290106574977,false,בייגלה שטוחים כעכים שטוחים עם מלח,מיוצר עי קונדיטוריית,IL,בייגלה כעכים שטוחים,גרמים,300.00,100 גרם,false,,9.90,0.0330,true,1,1407265
7290106575011,false,פתיתים אפויים קוסקוס מחיטה מלאה אסם 400 גרם,מיוצר עי קונדיטוריית,IL,פתיתים 30% קמח חיטה,גרמים,400.00,100 גרם,false,,6.90,0.0173,true,1,1407266
7290106575257,false,עוגת הבית סופלה בטעם שוקולד 340 ג' אסם,מיוצר עי קונדיטוריית,IL,עוגת הבית סופלה בטעם,גרמים,340.00,100 גרם,false,,11.90,0.0350,true,1,1407267
7290106575431,false,עוגת הבית סופלה בטעם שוקוניל 340 ג' אסם,מיוצר עי קונדיטוריית,IL,עוגת הבית סופלה בטעם,גרמים,340.00,100 גרם,false,,11.90,0.0350,true,1,1407268
7290106576223,false,"אפרופו שוקולד 40 גרם ""אסם""",מיוצר עי קונדיטוריית,IL,אפרופו שוקולד כלפ 40,גרמים,40.00,100 גרם,false,,4.90,0.1225,true,1,1407270
7290106576513,false,סלט חומוס צבר 400 גר,סלטי צבר,IL,חומוס חלק צבר 400 גר,גרמים,400.00,100 גרם,false,,9.90,0.0248,true,1,1407273
7290106576537,false,חומוס מסעדות צבר 700 גרם,סלטי צבר,IL,חומוס מסעדה צבר 700,גרמים,700.00,100 גרם,false,,10.90,0.0156,true,1,1407274
7290106577282,false,טחינה אמיתית מרובע 400 ג' צבר,סלטי צבר,IL,סלט טחינה צבר 400 גר,גרמים,400.00,100 גרם,false,,12.90,0.0323,true,1,1407275
7290106578692,false,אוסם - במבה ביסלי מיקס 80 גרם,פרו מן יו פתרונות אר,IL,במבה ביסלי מיקס 80 ג,גרמים,80.00,100 גרם,false,,4.90,0.0613,true,1,1407287
7290106578821,false,הבית עוגת שמרים קלאסית בטעם שוקולד 350גר.,מיוצר עי קונדיטוריית,IL,עוגת הבית שמרים קלאס,גרמים,350.00,100 גרם,false,,16.90,0.0483,true,1,1407288
7290106653504,false,סבבה בוטנים אמריקאים ברביקיו 50 גרם,"שטראוס פריטו ליי בע""",IL,בוטנים אמריקאים ברבי,גרמים,50.00,100 גרם,false,,2.90,0.0580,true,1,1406178
7290106656727,false,עוגיות חיוכים שוקו שוקו 600 גרם,אפיפית נצרת תעשיות ב,IL,חיוכים שוקו 600 גרם,גרמים,600.00,100 גרם,false,,17.90,0.0298,true,1,1416574
7290106658479,false,עלית וופל בטעם טורטית אגוזים 360גר,"שטראוס גרופ בע""מ",IL,טורטית מגדים 40 גרם,גרמים,40.00,100 גרם,false,,4.50,0.1125,true,1,1416577
7290106660410,false,"רביולי תרד וגבינה 400 גרם ""שטראוס""",מיוצר עי קונדיטוריית,IL,רביולי תרד וגבינה 40,גרמים,400.00,100 גרם,false,,19.90,0.0497,true,1,1405760
7290106662025,false,תפוציפס טבעי מלח ופלפל 50 גרם,"שטראוס פריטו ליי בע""",IL,תפוצ'יפס מלח פלפל 50,גרמים,50.00,100 גרם,false,,4.00,0.0800,true,1,1406184
7290106663121,false,"עוגה אישית במילוי קרם חלב ""מילקי קייק"" שטראוס",בובארד איטליה אס.פי.,IT,מילקי קייק 34 גרם,גרמים,34.00,100 גרם,false,,2.90,0.0853,true,1,1405765
7290106663183,false,צ'יטוס חטיף טעם גבינה 65ג,שטראוס גרופ,IL,ציטוס קראצ בטעם גבינ,גרמים,65.00,100 גרם,false,,3.50,0.0538,true,1,1406185
7290106664562,false,רוטב שמנת עם פטריות 9% שומן 258 ג' יוטבתה,שטראוס גרופ,IL,רוטב שמנת עם פטריות,מיליליטרים,250.00,"100 מ""ל",false,,10.90,0.0436,true,1,1405769
7290106666788,false,עלית - סוכריות נוסטלגיה דבש ממולאות 80 גרם,שטראוס גרופ,PL,סוכריות נוסלגיה דבש,גרמים,80.00,100 גרם,false,,4.90,0.0613,true,1,1416591
7290106667266,false,"דוריטוס חמוץ חריף 185 גרם ""עלית""",שטראוס פריטו ליי (מל,IL,דוריטוס חמוץ חריף 18,גרמים,185.00,100 גרם,false,,7.90,0.0427,true,1,1406192
7290106668133,false,שוקולית בשקית 400 גר,,,שוקולית בשקית 400 גר,גרמים,400.00,100 גרם,false,,10.90,0.0273,true,1,1416592
7290106668577,false,"מיץ לימון טבעי 250 מ""ל ""יד מרדכי""",האי נאם סי או אל.טי.,IT,מיץ לימון טבעי 250 מ,מיליליטרים,250.00,"100 מ""ל",false,,7.90,0.0316,true,1,1416593
7290106668713,false,יוגורט עם פירות יער 3% שומן 150 ג' דנונה,מיוצר עי קונדיטוריית,IL,דנונה פירות יער 3% 1,גרמים,150.00,100 גרם,false,,3.90,0.0260,true,1,1405770
7290106721913,false,מסטיק מאסט MUST ללא סוכר בטעם מנטה מרעננת,"שטראוס גרופ בע""מ",IL,צנצנת מאסט מנטה מרענ,גרמים,66.00,100 גרם,false,,9.90,0.1500,true,1,1416599
7290106725867,false,"סירופ מייפל טבעי 189 מ""ל ""יד מרדכי""",קוסלסי פוד,CA,סירופ מייפל טבעי 189,מיליליטרים,189.00,"100 מ""ל",false,,29.90,0.1582,true,1,1416607
7290106727984,false,"כיף כף פצפצים בגביע 135 גרם ""עלית""",שולן צ'יקולטה גידה ס,TR,גביע פצפצים 135 גרם,גרמים,135.00,100 גרם,false,,10.60,0.0785,true,1,1416609
7290107280020,false,מטליות לחות סנו סושי לניקוי כללי שלישיה *50 יח',טרופיקל דגיל- תעשיות,IL,מטליות לחות לניקוי כ,יחידה,3.00,יחידה,false,,17.90,5.9667,true,1,1428150
7290107280389,false,"סנו - ג'ט מרסס לניקוי בחדר האמבטיה 750 מ""ל","איי, בי, אינבוו",IL,ספריי מחטא ג'ט לאמבט,מיליליטרים,750.00,"100 מ""ל",false,,14.90,0.0199,true,1,1428398
7290107280570,false,סנו - מקסימה ג'ל כביסה מרוכז לכביסה צבעונית 3 ליטר,מיוצר עי קונדיטוריית,IL,ג'ל כביסה מקסימה 3 ל,מיליליטרים,3000.00,"100 מ""ל",false,,29.90,0.0100,true,1,1410184
7290107280716,false,מלח למדיח להגנה מפני אבנית סנו ספארק Spark,סנו ספארק,IL,מלח למדיח ספארק סנו,גרמים,2000.00,100 גרם,false,,11.90,0.0060,true,1,1428153
7290107280723,false,נוזל לניקוי כלים סנו ספארק Spark בניחוח לימון רענן,סנו כימיקלים,IL,נוזל כלים ספארק 700,מיליליטרים,750.00,"100 מ""ל",false,,9.90,0.0132,true,1,1410187
7290107280730,false,נוזל לניקוי כלים סנו ספארק Spark בניחוח לבנדר,מיוצר עי קונדיטוריית,IL,נוזל כלים ספארק 700,מיליליטרים,700.00,"100 מ""ל",false,,9.90,0.0141,true,1,1410188
7290107280747,false,נוזל לניקוי כלים סנו ספארק Spark קלאסי,סנו כימיקלים,IL,נוזל כלים ספארק 700,מיליליטרים,700.00,"100 מ""ל",false,,9.90,0.0141,true,1,1410189
7290107280754,false,נוזל כלים סנו ספארק Spark היפואלרגני פריחת השקד,סנו ספארק,IL,נוזל כלים ספארק 700,מיליליטרים,700.00,"100 מ""ל",false,,9.90,0.0141,true,1,1410190
7290107646154,false,חטיף דגנים קוקומן פצפוצים טעם שוקו שישיה* 21 ג',יוניליוור ישראל מזון,IL,מאגדת חטיף קוקומן פצ,יחידה,6.00,יחידה,false,,12.90,2.1500,true,1,1409793
7290107646895,false,קנור - רוטב פסטה נפוליטנה 415 גרם חתם סופר,קונסורזיו קאסאלאסקו,IL,קנור רוטב פסטה נפולי,גרמים,415.00,100 גרם,false,,10.90,0.0263,true,1,1409801
7290107646963,false,"מיונז תלמה טעם ספייסי 273 גר בד""ץ",תלמה,IL,ממרח ספייסי מיונז תל,גרמים,250.00,100 גרם,false,,8.90,0.0356,true,1,1440245
7290107647731,false,קוקומן חום לבן בטעם שוקולד ווניל,אתר שפע - Food,IL,קוקומן חום לבן 375 ג,גרמים,375.00,100 גרם,false,,20.90,0.0557,true,1,1409808
7290107647823,false,"ברנפלקס פתיתי חיטה מלאה וסובין 500 גרם ""תלמה""",יוניליוור ישראל מזון,IL,ברנפלקס 500 גרם,גרמים,500.00,100 גרם,false,,21.90,0.0438,true,1,1409814
7290107649681,false,שלגון קורנטו פסק זמן לבן,"מיוצר ע""י גלידת שטרא",IL,טילון פסק זמן קורנטו,יחידה,1.00,יחידה,false,,6.90,6.9000,true,1,1416832
7290107649858,false,טילון מגנוםלבן -גלידת שמנת,"מיוצר ע""י גלידת שטרא",IL,טילון מגנום לבן,יחידה,1.00,יחידה,false,,9.90,9.9000,true,1,1416841
7290107871990,false,"פסטה צינורות 500 גרם ""אסם""",פסטה זארה,IT,אסם פסטה צינורות איט,גרמים,500.00,100 גרם,false,,5.90,0.0118,true,1,1407295
7290107874502,false,ביסלי גריל קדמ. מארז אחיד 10 4*55 גרם,מיוצר עי קונדיטוריית,IL,ביסלי גריל 4 * 55 גר,גרמים,220.00,100 גרם,false,,12.50,0.0568,true,1,1407305
7290107875158,false,במבה קלאסי מארז 4 יח' *60ג' אסם,מיוצר עי קונדיטוריית,IL,"במבה קלאסי מארז כל""פ",גרמים,240.00,100 גרם,false,,12.90,0.0538,true,1,1407307
7290107875271,false,ביסלי ברביקיו קדמ. מארז אחיד10 4*55 גרם,"אסם תעשיות בע""מ",IL,ביסלי ברביקיו 4 * 55,גרמים,220.00,100 גרם,false,,12.50,0.0568,true,1,1407310
7290107876889,false,אוסם - במבה במילוי קרם נוגט 45 גרם,"אסם השקעות בע""מ",IL,במבה במילוי קרם נוגט,גרמים,45.00,100 גרם,false,,4.30,0.0956,true,1,1407315
7290107879132,false,פריכיות פיטנס מיני פריכיות שוקולד חלב 22 ג',כרמית,IL,פיטנס מיני פריכיות ש,גרמים,22.00,100 גרם,false,,4.90,0.2227,true,1,1407323
7290107909495,false,סט לאנץ בוקס משובח,,,קופסת אוכל מקושטת,יחידה,1.00,יחידה,false,,22.90,22.9000,true,1,1435415
7290107931397,false,כיף כף פצפוצים במילוי שוקולד 40 גרם,שולן צ'יקולטה גידה ס,TR,כיף כף פצפצים 40 גרם,גרמים,135.00,100 גרם,false,,5.00,0.0370,true,1,1416613
7290107932080,false,חלב מועשר יוטבתה בבקבוק 3% 1 ליטר,מחלבת יטבתה,IL,חלב מועשר בקבוק 3% י,מיליליטרים,1000.00,"100 מ""ל",false,,7.70,0.0077,true,1,1405784
7290107932134,false,חלב מועשר יוטבתה בבקבוק 1% 1 ליטר,מחלבת יטבתה,IL,חלב מועשר בקבוק 1% י,מיליליטרים,1000.00,"100 מ""ל",false,,7.70,0.0077,true,1,1405786
7290107936309,false,דנונה יוגורט 7% יווני לבן 130 ג',"שטראוס בריאות בע""מ",IL,יוגורט דנונה יווני ל,גרמים,130.00,100 גרם,false,,3.40,0.0262,true,1,1405793
7290107936958,false,עד חצות ביסקוויט אצבעות שוקולד 125 גרם,הדקלאים אגודת שיתופי,FR,עד חצות אצבעות 125 ג,גרמים,125.00,100 גרם,false,,9.90,0.0792,true,1,1405795
7290107936965,false,עיגולים עד חצות עם שוקולד חלב 225 גר,ביסקווטרי עוגיות סנט,FR,עד חצות עיגולים 225,גרמים,225.00,100 גרם,false,,12.90,0.0573,true,1,1416626
7290107937627,false,מסטיק מאסט Must קוביות ללא סוכר בטעם מנטה עדינה,אסקום קונפקשיין,IL,צנצנת קוביות מנטה עד,גרמים,58.00,100 גרם,false,,9.90,0.1707,true,1,1416627
7290107937634,false,צנצנית מסטיק מאסט קוביות פפירמינט 58 ג' עלית,אסקום קונפקשיין,IL,צנצנת קוביות מנטה 58,גרמים,58.00,100 גרם,false,,9.90,0.1707,true,1,1416628
7290107938396,false,"אקטימל משקה פרוביוטי תות 100X8 מ""ל",מיוצר עי קונדיטוריית,IL,אקטימל תות דיסני 8*1,מיליליטרים,800.00,"100 מ""ל",false,,20.90,0.0261,true,1,1405799
7290107944472,false,סימפוניה גבינה במרקם שמנת 5% שום שמיר,"שטראוס בריאות בע""מ",IL,סימפוניה שום שמיר 5%,גרמים,200.00,100 גרם,false,,11.00,0.0550,true,1,1405825
7290107945165,false,קונפיטורת יד מרדכי משמש 340 גר,אף.סי תבליני בגליל ב,IL,קונפיטורת משמש 340 ג,גרמים,340.00,100 גרם,false,,13.90,0.0409,true,1,1416644
7290107951111,false,בפלות ופלים ארוכים בטעם לימון,"א.ג. גילרו בע""מ",IL,בפלות לימון 200 גרם,גרמים,200.00,100 גרם,false,,4.90,0.0245,true,1,1405853
7290107954976,false,משקה חלב PRO עם קפה 1.5% 25 גרם חלבון בבקבוק,מחלבת יטבתה,DE,יטבתה פרו קפה 350 יט,מיליליטרים,350.00,"100 מ""ל",false,,6.50,0.0186,true,1,1405863
7290107956642,false,"תרסיס שמן זית 150 מ""ל ""יד מרדכי""",פארייפאבה אגרואינדוס,ES,"תרסיס שמן זית 150 מ""",מיליליטרים,150.00,"100 מ""ל",false,,17.90,0.1193,true,1,1416671
7290107956925,false,קפסולות 13 אוגנדה למכונת נספרסו עלית 10יח',שטראוס קפה בי.וי,IL,קפסולות 13 אוגנדה למ,יחידה,10.00,יחידה,false,,17.90,1.7900,true,1,1416673
7290107957076,false,"מסטיק ""עלמה"" בטעם ספירמנט 66 גרם צנצנת ""עלית""","שטראוס גרופ בע""מ",IL,צנצנת עלמה בטעם ספיר,גרמים,66.00,100 גרם,false,,9.90,0.1500,true,1,1420145
7290107957991,false,מילקי CAKE מיניס קרם חלב בציפוי שוקולד חלב שקית 16X9ג',בובארד איטליה אס.פי.,IT,מילקי מינייס עוגה אי,גרמים,144.00,100 גרם,false,,13.90,0.0965,true,1,1405881
7290107958035,false,יוגורט במתיקות מעודנת 2% ללא תוספת סוכר- מארז 8 יח,דנונה - שטראוס,IL,מארז דנונה מתיקות מע,גרמים,1200.00,100 גרם,false,,17.90,0.0149,true,1,1405882
7290107978460,false,חטיף חיטה בטעם פלאפל,קראנצ'וס,IL,חטיף בטעם פלאפל קראנ,גרמים,55.00,100 גרם,false,,3.50,0.0636,true,1,1414268
7290108271164,false,מגשית אלומיניום קטנה עם מכסה R29 (5 יח'),ב.ה. דבליו,,מגשית אלומיניום עם מ,יחידה,5.00,יחידה,false,,7.90,1.5800,true,1,1415666
7290108271188,false,כוסות נייר שתיה חמה,חגיגית,,כוסות נייר שתיה חמה,יחידה,50.00,יחידה,false,,11.90,0.2380,true,1,1415668
7290108271416,false,שקיות אשפה 52/65 עם שרוך רמי לוי,רמי לוי,,שקיות אשפה 52/65 עם,יחידה,1.00,יחידה,false,,18.90,18.9000,true,1,1415674
7290108271454,false,שקיות מזון בקופסא רמי לוי 300 יח,רמי לוי,,שקיות מזון בקופסא רמ,יחידה,300.00,יחידה,false,,9.90,0.0330,true,1,1415676
7290108271461,false,שקיות רב שימושיות (הקפאה) 200 יחידות,רמי לוי,,שקיות הקפאה-זוגות גל,יחידה,2.00,יחידה,false,,8.30,4.1500,true,1,1415677
7290108271492,false,נייר אפייה רמי לוי 37*42,רמי לוי,,נייר אפייה רמי לוי 3,יחידה,50.00,יחידה,false,,8.90,0.1780,true,1,1415679
7290108271607,false,"רדיד אלומיניום זוגות רמי לוי 30 ס""מ",רמי לוי,,רדיד אלומיניום זוגות,יחידה,2.00,יחידה,false,,11.90,5.9500,true,1,1415681
7290108271812,false,קופסאות אחסון 2 ליטר,חגיגית,,קופסאות אחסון 2 ליטר,יחידה,4.00,יחידה,false,,9.90,2.4750,true,1,1415687
7290108272079,false,מגבונים לניקוי כללי 400 יח דלי,רמי לוי,,מגבונים לניקוי כללי,יחידה,400.00,יחידה,false,,20.90,0.0522,true,1,1415692
7290108272161,false,קערית אובלית קטן רמי לוי 25 יח,רמי לוי,,קערית אובלית קטן רמי,יחידה,25.00,יחידה,false,,5.50,0.2200,true,1,1415696
7290108272178,false,צלחות גדולות רמי לוי,,,צלחות גדולות רמי לוי,יחידה,50.00,יחידה,false,,22.90,0.4580,true,1,1415697
7290108272185,false,צלחת בינוני רמי לוי 50 יח,רמי לוי,,צלחת בינוני רמי לוי,יחידה,50.00,יחידה,false,,13.90,0.2780,true,1,1415698
7290108272192,false,חגיגית - זוג מפות אלבד לבן,רמי לוי,,זוג מפות לבן חלק רמי,יחידה,2.00,יחידה,false,,9.90,4.9500,true,1,1415699
7290108272925,false,"סבון ידיים 3*500 מ""ל רמי לוי",,,סבון ידיים ים מרענן,יחידה,3.00,יחידה,false,,11.90,3.9667,true,1,1415708
7290108273083,false,צלחת קטנה איכותית קרם רמי לוי 25 יח,רמי לוי,,צלחת 7' קרם (25 יח'),יחידה,25.00,יחידה,false,,6.90,0.2760,true,1,1415709
7290108273106,false,צלחת קטנה איכותית כסף רמי לוי 25 יח,רמי לוי,,צלחת 7' כסף (25 יח'),יחידה,25.00,יחידה,false,,6.90,0.2760,true,1,1427949
7290108273168,false,צלחת בינונית איכותית קרם רמי לוי 25 יח,רמי לוי,,צלחת 9' קרם (25 יח'),יחידה,25.00,יחידה,false,,12.90,0.5160,true,1,1415710
7290108273427,false,ניילון נצמד 150 מטר + סכין עליון רמי לוי,רמי לוי,,ניילון נצמד 150 מ' ס,יחידה,1.00,יחידה,false,,17.00,17.0000,true,1,1415713
7290108273663,false,מגשיות אלומיניום גדולות (5 יח') R33 רמי,רמי לוי,,מגשיות אלומיניום גדו,יחידה,5.00,יחידה,false,,6.90,1.3800,true,1,1415719
7290108274059,false,מגשיות אלומיניום קטנות (8 יח') R29 רמי ל,,,מגשיות אלומיניום קטנ,יחידה,8.00,יחידה,false,,7.90,0.9875,true,1,1415739
7290108274585,false,כוסות נייר שתיה חמה,,,כוסות נייר שתיה חמה,יחידה,50.00,יחידה,false,,11.90,0.2380,true,1,1415745
7290108274592,false,נייר אפייה רמי לוי 3,נייר אפיה 3 ב 21,,נייר אפייה רמי לוי 3,יחידה,50.00,יחידה,false,,8.90,0.1780,true,1,1431155
7290108274615,false,קעריות אובליות לבן 25 יחידות,,,קערית אובלית קטן רמי,יחידה,25.00,יחידה,false,,5.50,0.2200,true,1,1432096
7290108274639,false,צלחות קטנות לבן 50 יחידות-רמי,,,צלחת בינוני רמי לוי,יחידה,50.00,יחידה,false,,13.90,0.2780,true,1,1428482
7290108274707,false,קרם צלחת 9' (25 יח') בסט וליו,,,צלחת 9' קרם (25 יח'),יחידה,25.00,יחידה,false,,12.90,0.5160,true,1,1415747
7290108275568,false,כפית לבן 100 יחידות,,,כפית לבן (100 יח') ב,יחידה,100.00,יחידה,false,,7.90,0.0790,true,1,1415757
7290108276343,false,מטליות רצפה זיגזג רמי לוי,,,מטליות רצפה זיגזג 3,יחידה,3.00,יחידה,false,,7.90,2.6333,true,1,1415766
7290108276930,false,צלחת איטלקית גדולה (50 יח') בסט וליו,,,צלחות גדולות רמי לוי,יחידה,50.00,יחידה,false,,22.90,0.4580,true,1,1428484
7290108277241,false,קשיות עבות 100 יחידו,,,קשיות עבות 100 יחידו,יחידה,100.00,יחידה,false,,5.90,0.0590,true,1,1430170
7290108277753,false,"שקיות זיפר 19*18 ס""מ",,,"שקיות זיפר 19*18 ס""מ",יחידה,15.00,יחידה,false,,8.30,0.5533,true,1,1429354
7290108351156,false,סנו - ג'ט לניקוי כללי ורצפות בתוספת חומץ 1.5 ליטר,"סנו מפעלי ברונוס בע""",IL,גיט ניקוי כללי 1.5 ל,מיליליטרים,1500.00,"100 מ""ל",false,,14.90,0.0099,true,1,1410201
7290108351552,false,"סנו - ג'ט לניקוי כללי בתוספת חומץ בניחוח לבנדר 750 מ""ל","סנו מפעלי ברונוס בע""",IL,"ג'ט חומץ מרסס 750 מ""",מיליליטרים,750.00,"100 מ""ל",false,,15.90,0.0212,true,1,1410204
7290108351699,false,סנו - ג'ט מטליות לחות לניקוי כללי בתוספת חומץ לבנדר שלישיה,סנו מפעלי ברונוס על,IL,מארז שלישייה מגבונים,יחידה,50.00,יחידה,false,,20.90,0.4180,true,1,1410209
7290108353532,false,"שקיות אשפה נשלפות עם שרוך 65*54 ס""מ L",סנו סושי,IL,סנו סושי שקיות אשפה,יחידה,100.00,יחידה,false,,29.90,0.2990,true,1,1428158
7290108356106,false,כיף תחליב רחצה חלב שקדים 700 מל,החברה הדרומית,IL,כיף תחליב רחצה שקד 7,מיליליטרים,700.00,"100 מ""ל",false,,12.90,0.0184,true,1,1410226
7290108356168,false,"כיף - תחליב רחצה אוקיינוס 700 מ""ל",גוד פוד פרודקטס S.p,IL,כיף תחליב רחצה אוקיי,מיליליטרים,700.00,"100 מ""ל",false,,12.90,0.0184,true,1,1410231
7290108357714,false,"כיף שמפו לשיער יבש -רימונים ושמן ארגן 700 מ""ל",גוד פוד פרודקטס S.p,IL,כיף שמפו לשיער יבש ו,מיליליטרים,700.00,"100 מ""ל",false,,12.90,0.0184,true,1,1410234
7290108357745,false,"כיף שמפו ומרכך 700 מ""ל 2ב-1 תאנה ומנטה",גוד פוד פרודקטס S.p,IL,כיף שמפו ומרכך 2ב1 7,מיליליטרים,700.00,"100 מ""ל",false,,12.90,0.0184,true,1,1410236
7290108357769,false,"מרכך לשיער רגיל תפוח וזרעי צ'יה 700 מ""ל כיף",גוד פוד פרודקטס S.p,IL,כיף מרכך לשיער רגיל,מיליליטרים,700.00,"100 מ""ל",false,,12.90,0.0184,true,1,1410238
7290108358070,false,"תחליב רחצה קרמה קלאסי 700 מ""ל",גוד פוד פרודקטס S.p,IL,תחליב רחצה קרמה קלאס,מיליליטרים,700.00,"100 מ""ל",false,,17.90,0.0256,true,1,1434004
7290108359077,false,סנו - סופט לושן ממחטות אף בקופסא 3 שכבות 120 יח',סנו סופט Soft,IL,ממחטות לושן 120 יחיד,יחידה,120.00,יחידה,false,,13.90,0.1158,true,1,1438749
7290108501353,false,פילה אנשובי אמיתי ארוך בשמן וילי פוד 45,קונסרבאס פרדו,ES,אנשובי ארוך בשמן 45,גרמים,45.00,100 גרם,false,,6.90,0.1533,true,1,1408477
7290108501490,false,גבינה מוצרלה פרוסות ו.פוד 150ג',ליטא,DE,גבינת מוצרלה פרוסות,גרמים,150.00,100 גרם,false,,13.90,0.0927,true,1,1408481
7290108501667,false,קוקטייל פירות בסירופ קל רביעיה 113ג',טקרנג פיאפל אינדוסטר,CN,קוקטייל פירות בסירופ,גרמים,452.00,100 גרם,false,,10.90,0.0241,true,1,1408489
7290108502268,false,קרקרים במליחות מעודנת ו.פוד 250 גר',קולוסי אס פי איי,IT,קרקרים מליחות מעודנת,גרמים,250.00,100 גרם,false,,6.90,0.0276,true,1,1408512
7290108502305,false,גבינת גרדה פדנו משולש 150 גר`וילי פוד,וילי פוד,IT,גבינת גרנה פדנו משול,גרמים,150.00,100 גרם,false,,19.90,0.1327,true,1,1408514
7290108502329,false,רביעית טונה בשמן זית וילי פוד 4*160 גר,גולדן פרייז,TH,נתחי טונה בהירה בשמן,גרמים,640.00,100 גרם,false,,29.90,0.0467,true,1,1408515
7290108502336,false,גבינת גורגונזולה איטלקית 150 גרם 29% שומן,איגור SRL,IT,גבינת גורגונזולה איט,גרמים,150.00,100 גרם,false,,19.90,0.1327,true,1,1441523
7290108502527,false,קרקרים במליחות מעודנת 500 גר',קולוסי אס פי איי,IT,קרקרים במליחות מעודנ,גרמים,500.00,100 גרם,false,,11.90,0.0238,true,1,1408524
7290108502725,false,גבינת גאודה פרוסות 400 גר`וילי פוד,Euro יורו מחלבות אירופה,DE,גבינת גאודה פרוסות 2,גרמים,400.00,100 גרם,false,,19.90,0.0497,true,1,1408535
7290108502763,false,גבינת קממבר יורו 200,פטוראז',FR,גבינת קממבר יורו 200,גרמים,200.00,100 גרם,false,,20.90,0.1045,true,1,1408537
7290108502862,false,מלפפונים כבושים במלח 18-25 קטנים מאוד 600 גר,זיתור סאן גירה סני ו,TR,מלפפונים כבושים במלח,גרמים,600.00,100 גרם,false,,11.90,0.0198,true,1,1408540
7290108503043,false,תפוחונים חטיף פלחים מיובשים מארז 22X4ג',ינטאי זונגקאן פוד קו,CN,תפוחי עץ מיובשים תפו,גרמים,88.00,100 גרם,false,,14.90,0.1693,true,1,1408547
7290108503159,false,גבינה כחולה עם עובש 100 גרם 31% שומן,קסוס אל פסטור,ES,גבינה כחולה 31% עם ע,גרמים,100.00,100 גרם,false,,14.90,0.1490,true,1,1408553
7290108503647,false,"אורז בסמטי מובחר דאווט 1 ק""ג",lt foods,IN,אורז בסמטי מהדרין דא,גרמים,1000.00,100 גרם,false,,11.90,0.0119,true,1,1408578
7290108504293,false,גבינה מנצ'גו צ'אנק 150 גר',ג.וילי פוד אינטרנשיו,ES,מנצ'גו צ'אנק יורו 15,גרמים,150.00,100 גרם,false,,17.90,0.1193,true,1,1433233
7290108504699,false,נתחי טונה בשמן קנולה רביעיה * 160 ג' וילי פוד,גולדן פרייז,TH,נתחי טונה בהירה בשמן,גרמים,640.00,100 גרם,false,,21.90,0.0342,true,1,1434641
7290108505177,false,יוגורט עם אננס 150 גרם 0% שומן,דלתא פודס,GR,יוגורט עם אננס 0% יו,גרמים,150.00,100 גרם,false,,4.90,0.0327,true,1,1429581
7290108505207,false,יוגורט ען אוכמניות 0% שומן 150 גרם,Euro יורו מחלבות אירופה,GR,יוגורט 0% עם אוכמניו,גרמים,150.00,100 גרם,false,,4.90,0.0327,true,1,1429584
7290108505375,false,צהובה פרוסה גולדן 400 גרם,,,גבינה צהובה פרוסה גו,גרמים,400.00,100 גרם,false,,20.90,0.0522,true,1,1441423
7290108505719,false,גבינת מוצרלה מגורדת 25% שומן 200 גרם,יורו צ'יז Euro Cheese,TR,גבינת מוצרלה מגורדת,גרמים,200.00,100 גרם,false,,14.90,0.0745,true,1,1431124
7290108505740,false,גבינת קשקבל חצי קשה 25% שומן 200 גרם,Euro יורו מחלבות אירופה,TR,גבינת קשקבל חצי קשה,גרמים,200.00,100 גרם,false,,14.90,0.0745,true,1,1431127
7290108505962,false,שזיפים מיובשים וילי פוד 400 גרם,,US,שזיפים מיובשים 400 ג,גרמים,400.00,100 גרם,false,,24.90,0.0622,true,1,1428034
7290108506495,false,"כנאפה מאפה בצק ""שערות"" קדאיף וגבינה",ארמה גרופ,TR,כנאפה קפוא 192.5 גרם,גרמים,192.50,100 גרם,false,,12.90,0.0670,true,1,1429130
7290108506709,false,גבינת פרמג'יאנו רג'יאנו 150 גר' רבנות,וילי פוד,IT,גבינת פרמג'יאנו רג'י,גרמים,150.00,100 גרם,false,,24.90,0.1660,true,1,1439274
7290108506815,false,גליליות וופל במילוי קרם קרמל מלוח 400ג' ויליפוד,בן& אר.פי.סי,GR,גליליות וופל במילוי,גרמים,400.00,100 גרם,false,,14.90,0.0373,true,1,1431231
7290108507492,false,קרקרים עם שומשום 105ג רמילוי,,,קרקרים עם שומשום רמי,גרמים,105.00,100 גרם,false,,5.50,0.0524,true,1,1433991
7290108508147,false,מחית עגבניות איטלקיות 500 גרם,וילי פוד,,עגבניות איטלקיות בקר,גרמים,500.00,100 גרם,false,,9.90,0.0198,true,1,1437736
7290108508888,false,ביסקוויטים פתי בר ויליפוד 500 ג',ארגון ציקולאטה,TR,ביסקוויטים פתי בר וי,גרמים,500.00,100 גרם,false,,7.90,0.0158,true,1,1440164
7290108509106,false,"גבינה בולגרית מעודנת בקוביות 13% שומן 200 ג' חת""ס פ""ת",קוליוס,TR,גבינה בולגרית מעודנת,גרמים,200.00,100 גרם,false,,12.90,0.0645,true,1,1436779
7290108509267,false,ארוחת פסטה עם רוטב גבינה 206 גרם,הנסיך- מפעל לייצור ט,UA,ארוחת פסטה עם רוטב ג,גרמים,250.00,100 גרם,false,,7.90,0.0316,true,1,1436782
7290108509359,false,פופקורן בציפוי בטעם קרמל 90 ג' ויליפוד,סנרו ס.א,UA,פופקורן בציפוי בטעם,גרמים,90.00,100 גרם,false,,6.90,0.0767,true,1,1439017
7290108509700,false,"אורז פרסי 1 DAAWATק""ג (20)",אל.טי.פודס לימיטד,IN,אורז פרסי DAAWAT 1 ק,גרמים,1000.00,100 גרם,false,,9.90,0.0099,true,1,1437741
7290108509762,false,חמאת בוטנים 340 גרם בית יוסף,סופר נוטרי פודס,IN,חמאת בוטנים ויליפוד,גרמים,340.00,100 גרם,false,,9.90,0.0291,true,1,1437742
7290108509816,false,גבינת בייבי מוצרלה 22 שומן 22% 200 גרם,אונטד גידה,TR,גבינת בייבי מוצרלה י,גרמים,200.00,100 גרם,false,,13.90,0.0695,true,1,1437745
7290108509939,false,פרוסות פילה טונה בשמן זית כתית מעולה,וילי פוד,,פרוסות פילה טונה 120,גרמים,120.00,100 גרם,false,,13.90,0.1158,true,1,1438409
7290108509960,false,נתחי טונה בהירה בשמן זית כתית מעולה - מארז 3 יח',וילי פוד,,נתחי טונה בשמן זית 3,גרמים,240.00,100 גרם,false,,15.90,0.0663,true,1,1438410
7290108534078,false,קופיקס-עוגיות ממולאו,,,קופיקס-עוגיות ממולאו,יחידה,1.00,יחידה,false,,7.00,7.0000,true,1,1407928
7290108538045,false,לחמניית טונה CFF,,,לחמניית טונה CFF,יחידה,1.00,יחידה,false,,12.00,12.0000,true,1,1416148
7290108538977,false,מטריה קופיקס,,,מטריה קופיקס,יחידה,1.00,יחידה,false,,8.00,8.0000,true,1,1410520
7290109352916,false,פריכיות דגנים פיטנס מצופות שוקולד לבן,פרח תעשיות,IL,פריכיות שוקולד לבן 1,גרמים,84.00,100 גרם,false,,12.90,0.1536,true,1,1407332
7290109354101,false,"לחמית ללא גלוטן 200 גר' ""אסם""","אסם תעשיות בע""מ",IL,לחמית ללא גלוטן 200,גרמים,200.00,100 גרם,false,,9.90,0.0495,true,1,1407339
7290109354972,false,אוסם - פתי בר וניל חלבי ללא גלוטן 200 גרם,מיוצר עי קונדיטוריית,IL,פתי בר קלאסי ללא גלו,גרמים,200.00,100 גרם,false,,9.90,0.0495,true,1,1407345
7290109358260,false,"נקניקיות עם חלבון 600 גר' ""טבעול""",עיצובים 2020 (4.8),IL,טבעול נקניקיות עם חל,גרמים,600.00,100 גרם,false,,30.90,0.0515,true,1,1407356
7290109358482,false,עוגיות קרמוגית במילוי קרם בטעם חלבה,היינץ צפון אמריקה מק,IL,קרמוגית במילוי חלבה,גרמים,200.00,100 גרם,false,,9.90,0.0495,true,1,1407358
7290109580135,false,קורנדביף פרימיום 180 גרם זוגלובק,זוגלובק,IL,קורנדביף פרימיום זוג,גרמים,180.00,100 גרם,false,,24.90,0.1383,true,1,1433946
7290109580159,false,זוגלובק פרימיום פסטרמה בנוסח טוסקנה 200,זוגלובק,IL,פסטרמה בנוסח טוסקנה,גרמים,180.00,100 גרם,false,,24.90,0.1383,true,1,1433947
7290109580210,false,נקנקיות ריינהולד'ס הצרפתיה זוגלובק 300 ג',זוגלובק,IL,נקניקיות ריינהולד'ס,גרמים,300.00,100 גרם,false,,21.90,0.0730,true,1,1437452
7290109580265,false,זוג חזה הודו בדבש+בקביקיו 600ג רמילוי,,,ח.הודו ועוף בדבש+ח.ב,גרמים,600.00,100 גרם,false,,22.90,0.0382,true,1,1442899
7290109580432,false,פסטרמה חזה הודו מעושן 120 גר' זוגלובק,זוגלובק,IL,פסטרמה אקסטרה מעושנת,גרמים,120.00,100 גרם,false,,14.90,0.1242,true,1,1440256
7290109922843,false,האקונומיקה המובילה באירופה נוסחה ייחודית מרוכז 2 ל,,BE,האקונומיקה נוסחה עוצ,מיליליטרים,2000.00,"100 מ""ל",false,,12.90,0.0065,true,1,1438429
7290110058838,false,שלישיית ביצי שוקולד-,,,שלישיית ביצי שוקולד-,יחידה,3.00,יחידה,false,,9.90,3.3000,true,1,1424662
7290110058869,false,מארז שלישיית ביצי שוקולד סמי הכבאי,שמחה זה אנחנו,IT,שלישיית ביצי שוקולד,יחידה,3.00,יחידה,false,,12.90,4.3000,true,1,1414752
7290110110413,false,פריגת צלול בטעם ענבי,פריגת,,פריגת צלול בטעם ענבי,מיליליטרים,1500.00,"100 מ""ל",false,,8.20,0.0055,true,1,1413553
7290110110659,false,"ספרייט לימון ליים פחית 330מ""ל",החברה המרכזית לייצור,IL,סליק ספרייט LIME 330,מיליליטרים,330.00,"100 מ""ל",false,,6.20,0.0188,true,1,1413564
7290110110765,false,פיוז טי גרין בטעם לימון נענע 500 מל,מבשלות בירה בינלאומי,IL,FUZE tea גרין לימון-,מיליליטרים,500.00,"100 מ""ל",false,,6.90,0.0138,true,1,1413567
7290110111809,false,"מארז פחיות פאנטה אורנג' שישייה 330 מ""ל",החברה המרכזית לייצור,IL,פאנטה אורנג' 6 פח FR,מיליליטרים,1980.00,"100 מ""ל",false,,24.10,0.0122,true,1,1413572
7290110114787,false,נביעות+ מים מינרליים בטעם תפוח 1.5 ליטר,נביעות טבע הגליל בעמ,IL,מים בטעם תפוח נביעות,מיליליטרים,1500.00,"100 מ""ל",false,,9.20,0.0061,true,1,1438407
7290110114855,false,"נביעות מים מינרליים, שישיה 6 * 1.5 ליטר פקדון",נביעות טבע הגליל בעמ,IL,מים מינרילים נביעות,מיליליטרים,9000.00,"100 מ""ל",false,,13.70,0.0015,true,1,1438060
7290110114961,false,משקה קל תפוזים פריגת 1.5 ליטר,מבשלות בירה בינלאומי,IL,פריגת תפוזים 1.5 ליט,מיליליטרים,1500.00,"100 מ""ל",false,,9.10,0.0061,true,1,1438061
7290110114985,false,משקה קל אשכולית פריגת 1.5 ליטר,מבשלות בירה בינלאומי,IL,פריגת אשכוליות 1.5 ל,מיליליטרים,1500.00,"100 מ""ל",false,,9.10,0.0061,true,1,1438063
7290110115005,false,משקה קל ענבים פריגת 1.5 ליטר,מבשלות בירה בינלאומי,IL,משקה קל ענבים פריגת,מיליליטרים,1500.00,"100 מ""ל",false,,9.10,0.0061,true,1,1438065
7290110115029,false,"פריגת משק""ל תפוח 1.5 ליטר פיקדון",מבשלות בירה בינלאומי,IL,פריגת תפוחים 1.5 ליט,מיליליטרים,1500.00,"100 מ""ל",false,,9.10,0.0061,true,1,1438067
7290110115036,false,פריגת מנגו 1.5 ליטר פיקדון,מבשלות בירה בינלאומי,IL,פריגת מנגו 1.5 ליטר,מיליליטרים,1500.00,"100 מ""ל",false,,9.10,0.0061,true,1,1438068
7290110115043,false,פריגת לימונענע 1.5 ליטר פיקדון,מבשלות בירה בינלאומי,IL,פריגת לימונענע 1.5 ל,מיליליטרים,1500.00,"100 מ""ל",false,,9.10,0.0061,true,1,1438069
7290110115081,false,פריגת צלול ענבים 1.5 ליטר פיקדון,מבשלות בירה לישראל ב,IL,פריגת צלול בטעם ענבי,מיליליטרים,1500.00,"100 מ""ל",false,,8.80,0.0059,true,1,1438072
7290110115180,false,מים מינרליים נביעות,"נביעות טבע הגליל בע""",IL,מים מינרילים נביעות,מיליליטרים,1500.00,"100 מ""ל",false,,4.50,0.0030,true,1,1441830
7290110115203,false,קוקה קולה 1.5 ליטר פיקדון,קוקה קולה Coca Cola,IL,קוקה קולה 1.5 ליטר,מיליליטרים,1500.00,"100 מ""ל",false,,8.90,0.0059,true,1,1438082
7290110115227,false,קוקה-קולה זירו בקבוק 1.5 ליטר,קוקה קולה Coca Cola,IL,קוקה קולה זירו בקבוק,מיליליטרים,1500.00,"100 מ""ל",false,,8.80,0.0059,true,1,1438084
7290110115265,false,ספרייט לימון ליים 1.5 ליטר-,החברה המרכזית לייצור,IL,ספרייט ליים 1.5 ליטר,מיליליטרים,1500.00,"100 מ""ל",false,,8.90,0.0059,true,1,1438088
7290110115272,false,ZERO ספרייט 1.5 ליטר פיקדון,החברה המרכזית לייצור,IL,ספרייט זירו בקבוק 1.,מיליליטרים,1500.00,"100 מ""ל",false,,8.60,0.0057,true,1,1438089
7290110115296,false,משקה מוגז אורנג' פאנטה 1.5 ליטר,החברה המרכזית לייצור,IL,פאנטה אורנג' 1.5 ליט,מיליליטרים,1500.00,"100 מ""ל",false,,9.10,0.0061,true,1,1438090
7290110115357,false,קינלי סודה 1.5 ליטר פיקדון,קריות זול,IL,קינלי סודה 1.5 ליטר,מיליליטרים,1500.00,"100 מ""ל",false,,4.30,0.0029,true,1,1438095
7290110115364,false,שישייה קוקה קולה 1.5 ליטר פיקדון,החברה המרכזית לייצור,IL,קוקה קולה 6*1.5 ליטר,ליטרים,9.00,ליטר,false,,51.10,5.6778,true,1,1438096
7290110115401,false,קינלי סודה שישייה 1.5 ליטר פיקדון,החברה המרכזית לייצור,IL,שישיית קינלי סודה 1.,מיליליטרים,9000.00,"100 מ""ל",false,,15.70,0.0017,true,1,1438099
7290110115425,false,FUZE TEA גרין לימונענע -נענע 1.5 ליטר פיקדון,מבשלות בירה בינלאומי,IL,תה קר ירוק לימון ונע,מיליליטרים,1500.00,"100 מ""ל",false,,8.80,0.0059,true,1,1438101
7290110115449,false,אייס תה בטעם מנגו אננס 1.5ל' FUZE TEA,מבשלות בירה בינלאומי,IL,תה קר מנגו אננס פיוז,מיליליטרים,1500.00,"100 מ""ל",false,,9.50,0.0063,true,1,1438103
7290110115456,false,"תה קר בטעם אפרסק 19 קלוריות ב- 100 מ""ל",מבשלות בירה בינלאומי,IL,תה קר בטעם אפרסק 19,מיליליטרים,1500.00,"100 מ""ל",false,,9.10,0.0061,true,1,1438104
7290110115494,false,תה קר בטעם ענבים פיוז טי 1.5 ליטר,מבשלות בירה בינלאומי,IL,תה קר בטעם ענבים פיו,מיליליטרים,1500.00,"100 מ""ל",false,,9.50,0.0063,true,1,1438108
7290110115616,false,FUZE tea zero גרין אננס 1.5 ליטר פיקדון,מבשלות בירה בינלאומי,IL,פיוז תה גרין אננס זי,מיליליטרים,1500.00,"100 מ""ל",false,,8.90,0.0059,true,1,1440119
7290110115623,false,משקה פיוז טי זירו ZERO בטעם אפרסק,מבשלות בירה בינלאומי,IL,פיוז תה אפרסק זירו 1,מיליליטרים,1500.00,"100 מ""ל",false,,8.90,0.0059,true,1,1440120
7290110115869,false,קוקה קולה זירו 1.5 ליטר פיקדון,תות תעשיות מזון (201,IL,קוקה קולה זירו בקבוק,מיליליטרים,1500.00,"100 מ""ל",false,,8.80,0.0059,true,1,1438651
7290110115876,false,קינלי סודה 1.5ליטר-,"אינסטנטה בע""מ",IL,קינלי סודה 1.5 ליטר,מיליליטרים,1500.00,"100 מ""ל",false,,4.30,0.0029,true,1,1441677
7290110116064,false,פאנטה ZERO פירות ירוק 1.5 ליטר פיקדון,החברה המרכזית לייצור,IL,פאנטה ZERO פירות ירו,מיליליטרים,1500.00,"100 מ""ל",false,,9.10,0.0061,true,1,1440405
7290110116125,false,סירופ בטעם פטל 750 מל פריגת,סירופ - גבעת חיים,IL,סירופ פטל פריגת 750,מיליליטרים,750.00,"100 מ""ל",false,,24.90,0.0332,true,1,1441583
7290110116149,false,סירופ בטעם ענבים 750 מל פריגת,סירופ - גבעת חיים,IL,סירופ ענבים פריגת 75,מיליליטרים,750.00,"100 מ""ל",false,,24.90,0.0332,true,1,1441585
7290110116552,false,ספרייט לימון היט 1.5 ליטר LIME פיקדון,החברה המרכזית לייצור,IL,ספרייט למון היט 1.5,מיליליטרים,1500.00,"100 מ""ל",false,,8.90,0.0059,true,1,1441831
7290110116569,false,"ספרייט זירו ZERO בק LEMON HIT, 1.5 ליטר",החברה המרכזית לייצור,IL,ספרייט זירו למון היט,מיליליטרים,1500.00,"100 מ""ל",false,,8.60,0.0057,true,1,1441832
7290110320850,false,פתיתים גבינה חצי קשה מגורדת 28% שומן,תנובה מרכז שיתופי לש,IL,גבינת עמק 28% שומן פ,גרמים,200.00,100 גרם,false,,15.90,0.0795,true,1,1411609
7290110320935,false,גבינת מוצרלה תנובה 150ג' פרוסות,תנובה מרכז שיתופי לש,IL,פרוסות מוצרלה מחלב ב,גרמים,150.00,100 גרם,false,,16.90,0.1127,true,1,1411610
7290110321031,false,מעדן חלב GO יוגורט מועשר בחלבון טבעי 200 ג' יופלה,"תנובה, מחלבת אלון תב",IL,יופלה GO יוגורט מועש,גרמים,200.00,100 גרם,false,,5.50,0.0275,true,1,1411611
7290110321277,false,"קוטג' בקטנה 100 גרם, 5% שומן מהדרין",פארייפאבה אגרואינדוס,IL,קוטג' בקטנה 5%,גרמים,100.00,100 גרם,false,,2.70,0.0270,true,1,1411620
7290110321284,false,"קוטג' בקטנה 100 גרם, 9% שומן מהדרין",פארייפאבה אגרואינדוס,IL,קוטג בקטנה 9%,גרמים,100.00,100 גרם,false,,2.70,0.0270,true,1,1423577
7290110321680,false,יוגורט GO בטעם תות 20 גרם חלבון בגביע,מיוצר עי קונדיטוריית,IL,יוגורט 2.9% תות גו 2,גרמים,200.00,100 גרם,false,,5.50,0.0275,true,1,1411626
7290110321703,false,יוגורט עם פירות יער בתוספת חלבוני חלב 2% שומן,מיוצר עי קונדיטוריית,IL,יוגורט 2.9% פירות יע,גרמים,200.00,100 גרם,false,,5.70,0.0285,true,1,1411628
7290110322014,false,טופו בטעם טבעי תנובה ALTERNATIVE,שוורצקוף& הנקל דיסלד,IL,טופו טבעי 300 גרם,גרמים,300.00,100 גרם,false,,12.50,0.0417,true,1,1411636
7290110323585,false,יופלה יוגורט עם דובדבן מופחת קלוריות 200 ג' GO,יופלה Yoplait,IL,יוגורט לייט 0.5% מוע,גרמים,200.00,100 גרם,false,,5.70,0.0285,true,1,1411657
7290110323592,false,יופלה יוגורט עם אפרסק מופחת קלוריות 200 ג' GO,יופלה Yoplait,IL,יוגורט לייט 0.5% מוע,גרמים,200.00,100 גרם,false,,5.70,0.0285,true,1,1411658
7290110323714,false,משקה קוקוס שקדים תנובה E אלטרנטיב,מיוצר עי קונדיטוריית,IL,משקה קוקוס שקדים תנו,מיליליטרים,1000.00,"100 מ""ל",false,,12.90,0.0129,true,1,1411663
7290110324070,false,גבינת חלומי מחלב בקר 22%שומן 200גר,"תנובה בע""מ",IL,גבינת חלומי מחלב בקר,גרמים,200.00,100 גרם,false,,19.90,0.0995,true,1,1435043
7290110324353,false,יוגורט GO לייט בטעם אננס 20 גרם חלבון בגביע,מיוצר עי קונדיטוריית,IL,יוגורט 0.5% מועשר אנ,גרמים,200.00,100 גרם,false,,5.70,0.0285,true,1,1411673
7290110324841,false,מעדן שקדים עם שוקולד מריר אלטרנטיב,מיוצר עי קונדיטוריית,IL,מעדן שקדים שוקולד מר,גרמים,125.00,100 גרם,false,,4.20,0.0336,true,1,1434394
7290110324858,false,מעדן שקדים בטעם אגוזי לוז אלטרנטיב,מיוצר עי קונדיטוריית,IL,מעדן שקדים אגוזי לוז,גרמים,125.00,100 גרם,false,,4.20,0.0336,true,1,1434395
7290110324872,false,גבינה צהובה גלבוע 5% שומן 200 גרם,גלבוע - תנובה,IL,פרוסות גבינה חצי קשה,גרמים,200.00,100 גרם,false,,17.90,0.0895,true,1,1421939
7290110324926,false,משקה סויה ללא תוספת סוכר E אלטרנטיב,תנובה מרכז שיתופי לש,IL,משקה סויה ללא תוספת,מיליליטרים,1000.00,"100 מ""ל",false,,10.90,0.0109,true,1,1411696
7290110325305,false,מעדן סויה GO מועשר בחלבון במתיקות מעודנת,מיוצר עי קונדיטוריית,IL,מעדן סויה גו מועשר ב,גרמים,200.00,100 גרם,false,,5.70,0.0285,true,1,1423879
7290110325312,false,מעדן סויה GO מועשר בחלבון בטעם תות,"תנובה בע""מ",IL,מעדן סויה גו מועשר ת,גרמים,200.00,100 גרם,false,,5.70,0.0285,true,1,1423880
7290110325619,false,משקה שיבולת שועל תנובה E אלטרנטיב,מיוצר עי קונדיטוריית,IL,משקה שיבולת שועל 1 ל,מיליליטרים,1000.00,"100 מ""ל",false,,12.90,0.0129,true,1,1431440
7290110325893,false,משקה חלב GO מועשר בחלבון בטעם אייס קפה,מיוצר עי קונדיטוריית,IL,תנובה GO אייס קפה 34,מיליליטרים,340.00,"100 מ""ל",false,,7.70,0.0226,true,1,1434397
7290110326227,false,יוגורט און טופ קורנפלקס 157 ג' יופלה,מיוצר עי קונדיטוריית,IL,יופלה און טופ קורנפל,גרמים,157.00,100 גרם,false,,5.00,0.0318,true,1,1429136
7290110326999,false,"משקאות חלב+שוקולד קלאסי 340 מ""ל YOLO בקבוק.",תנובה חלב,IL,משקה חלב עם שוקולד ק,מיליליטרים,340.00,"100 מ""ל",false,,6.50,0.0191,true,1,1431534
7290110327033,false,משקה סויה תנובה גו מועשר בחלבון במתיקות מופחתת,מיוצר עי קונדיטוריית,IL,משקה סויה מועשר בחלב,מיליליטרים,1000.00,"100 מ""ל",false,,12.90,0.0129,true,1,1433265
7290110327064,false,משקה אייס קפה שיבולת שועל בטעם קרמל 1 ל' ALTERNATIVE,תנובה מרכז שיתופי לש,IL,"אייס קפה ש""ש קרמל 1",מיליליטרים,1000.00,"100 מ""ל",false,,11.90,0.0119,true,1,1439992
7290110327514,false,משקה שיבולת שועל בטעם אגוזי לוז 1 ליטר אלטרנטיב,תנובה מרכז שיתופי לש,IL,משקה שיבולת שועל אגו,מיליליטרים,1000.00,"100 מ""ל",false,,12.90,0.0129,true,1,1437052
7290110327545,false,יופלה און טופ בטעם תות בתוספת פצפוצים מצופים שוקולד 157 גרם,מיוצר עי קונדיטוריית,IL,יוגורט יופלה און טופ,גרמים,157.00,100 גרם,false,,5.00,0.0318,true,1,1439232
7290110327811,false,חטיף חלבון GO - קוקוס 60 ג' חלב נוכרי - רבנות,"בלמונט קונפקציות בע""",US,תנובה חטיף חלבון GO,גרמים,60.00,100 גרם,false,,11.90,0.1983,true,1,1441614
7290110327828,false,חטיף חלבון GO - חמאת בוטנים 60 ג' חלב נוכרי - רבנות,"בלמונט קונפקציות בע""",US,תנובה חטיף חלבון GO,גרמים,60.00,100 גרם,false,,11.90,0.1983,true,1,1441615
7290110328481,false,פתיתי פרמג'יאנו רג'יאנו מחלב בקר 30%,ברטינלי גיאני א.,IT,פתיתי פרמג'יאנו רג'י,גרמים,100.00,100 גרם,false,,16.90,0.1690,true,1,1435056
7290110328504,false,טריו - מיקס גבינות מוצרלה סקנדינבית וגאודה 300 גרם,מיוצר עי קונדיטוריית,IL,טריו פתיתים מוצרלה ס,גרמים,300.00,100 גרם,false,,25.90,0.0863,true,1,1435057
7290110328627,false,יוגורט יופלה GO במרקם סמיך בטעם בננה קרמל 0%,מיוצר עי קונדיטוריית,IL,יוגורט גו סמיך בננה,גרמים,200.00,100 גרם,false,,5.90,0.0295,true,1,1437652
7290110328764,false,יוגורט יופלה GO במרקם סמיך עם תות 0%,מיוצר עי קונדיטוריית,IL,יוגורט גו סמיך תות י,גרמים,200.00,100 גרם,false,,5.90,0.0295,true,1,1437653
7290110328771,false,יוגורט יופלה GO במרקם סמיך עם פירות יער 0%,מיוצר עי קונדיטוריית,IL,יוגורט גו סמיך 0% פי,גרמים,200.00,100 גרם,false,,5.90,0.0295,true,1,1437654
7290110328788,false,יוגורט יופלה GO במרקם סמיך בטעם אפרסק 0%,תנובה מרכז שיתופי לש,IL,יוגורט גו סמיך אפרסק,גרמים,200.00,100 גרם,false,,5.90,0.0295,true,1,1437655
7290110329136,false,מעדן חלב מעושר בחלבון בטעם שוקולד 120 ג' GO,תנובה מרכז שיתופי לש,IL,מעדן חלב גו בטעם שוק,גרמים,120.00,100 גרם,false,,4.90,0.0408,true,1,1437829
7290110329143,false,מעדן חלב מעושר בחלבון בטעם וניל גביע 120 ג' GO,תנובה מרכז שיתופי לש,IL,מעדן חלב גו בטעם וני,גרמים,120.00,100 גרם,false,,4.90,0.0408,true,1,1437830
7290110329303,false,פרוסות בטעם צהובה קלאסית אלטרנטיב 200 גר,תנובה Alternative,IL,פרוסות בטעם צהובה קל,גרמים,200.00,100 גרם,false,,22.90,0.1145,true,1,1437832
7290110329792,false,יוגורט סויה BIO Alternative אפרסק 150 ג' תנובה,מיוצר עי קונדיטוריית,IL,מעדן סויה ביו אפרסק,גרמים,150.00,100 גרם,false,,4.80,0.0320,true,1,1438457
7290110329808,false,יוגורט סויה BIO Alternative תות 150 ג' תנובה,מיוצר עי קונדיטוריית,IL,מעדן סויה ביו תות אל,גרמים,150.00,100 גרם,false,,4.80,0.0320,true,1,1438453
7290110329815,false,סויה BIO מתיקות מעודנת גביע 150 גרם אלטרנטיב,מיוצר עי קונדיטוריית,IL,מעדן סויה ביו מתיקות,גרמים,150.00,100 גרם,false,,4.80,0.0320,true,1,1438452
7290110329822,false,יוגורט סויה BIO Alternative פירות יער 150 ג' תנובה,מיוצר עי קונדיטוריית,IL,מעדן סויה ביו פירות,גרמים,150.00,100 גרם,false,,4.80,0.0320,true,1,1438451
7290110329846,false,יוגורט סויה BIO Alternative בטעם טבעי 150 ג' תנובה,מיוצר עי קונדיטוריית,IL,מעדן סויה ביו טבעי א,גרמים,150.00,100 גרם,false,,4.80,0.0320,true,1,1438458
7290110550363,false,"פריכיות משולשות תירס, אורז שיבולת שועל, קינואה",אנרג'י Energy - שטראוס,IL,משולשות קינואה ומלח,גרמים,65.00,100 גרם,false,,9.90,0.1523,true,1,1438788
7290110550370,false,פריכיות משולשות קינואה ופלפל שחור 65 גרם,שטראוס גרופ,IL,משולשות קינואה ופלפל,גרמים,65.00,100 גרם,false,,9.90,0.1523,true,1,1441541
7290110552121,false,יוגורט 5% בתוספת סידן וויטמין D היוגורט הראשון שלי,תנובה מרכז שיתופי לש,IL,היוגורט הראשון שלי ד,גרמים,100.00,100 גרם,false,,2.50,0.0250,true,1,1439807
7290110552220,false,יוגורט PRO בטעם תות 0% סוכר לבן 20 גרם חלבון בגביע,"שטראוס בריאות בע""מ",IL,דנונה פרו 20 גרם ללא,גרמים,200.00,100 גרם,false,,5.90,0.0295,true,1,1438562
7290110552237,false,יוגורט פרו בטעם אפרסק מנגו ללא סוכר 200 ג' דנונה,"שטראוס בריאות בע""מ",IL,דנונה פרו 20 גרם ללא,גרמים,200.00,100 גרם,false,,5.90,0.0295,true,1,1438563
7290110552817,false,צנצנת מסטיק - גלידה לימון 58 גרם וועסטהיים,שטראוס גרופ,IL,מסטיק בטעם גלידה לימ,גרמים,58.00,100 גרם,false,,9.90,0.1707,true,1,1440592
7290110553029,false,"אנרג'י קריספס-פריכיות חומוס, עדשים ואפונה עם קייל וסלק","פרח תעשיו מזון בע""מ",IL,פריכיות חלבון קייל ח,גרמים,60.00,100 גרם,false,,9.90,0.1650,true,1,1438791
7290110553036,false,קריספס-פריכיות עם אפונה ובטטה סגולה בטעם בצל מקורמל,"פרח תעשיו מזון בע""מ",IL,פריכת חלבון בטטה סגו,גרמים,60.00,100 גרם,false,,9.90,0.1650,true,1,1438792
7290110553173,false,אנרגי פריכיות אורז בטעם קרמל 50 גרם,סאנורייס בלגיום,IL,פריכיות קרמל אנרגי 4,גרמים,40.00,100 גרם,false,,5.90,0.1475,true,1,1441542
7290110554118,false,נודלס מלזי חריף עם טופו וירקות ברוטב קארי ירוק,"טרופיקל דגיל בע""מ אז",IL,ארוחת נודלס מלזי חרי,גרמים,350.00,100 גרם,false,,26.90,0.0769,true,1,1437525
7290110554422,false,פומודורו רוטב עגבניות ופלפלים לשקשוקה 350 גרם,אמיליאנה קונסרב ס.פ.,IT,רוטב עגבניות ופלפלים,גרמים,350.00,100 גרם,false,,11.90,0.0340,true,1,1438794
7290110554460,false,ציטוס קראנץ צ'דר חלפיניו 65 ג' עלית,עלית,,ציטוס קראנץ צ'דר חלפ,גרמים,65.00,100 גרם,false,,3.50,0.0538,true,1,1440158
7290110554514,false,עלית - קפה טורקי אתיופי 100 גרם,שטראוס קפה בי.וי,IL,קפה טורקי אתיופי עלי,גרמים,100.00,100 גרם,false,,9.90,0.0990,true,1,1440279
7290110554729,false,קפסולות עלית אספרסו 04 תואמות למכונות NESPRESSO,שטראוס קפה בי.וי,IL,קפסולות אספרסו 04 תו,גרמים,50.00,100 גרם,false,,17.90,0.3580,true,1,1439570
7290110555306,false,רבע לשבע טבעוני סינמון באן 25ג' עלית,הגביע מוצרי וופלים ב,IL,רבע לשבע טבעוני סינמ,גרמים,125.00,100 גרם,false,,10.90,0.0872,true,1,1440281
7290110555603,false,ספלנדיד אבקה להכנת משקה בטעם שוקולטה,"ג'אלוסיס י. בע""מ",GR,שוקולוטה ספלנדיד 360,גרמים,360.00,100 גרם,false,,20.90,0.0581,true,1,1441845
7290110555665,false,קקאו דל שומן עלית בקופסא 220 גרם,גיאלוסיס,GR,קקאו דל שומן קופסא ע,גרמים,220.00,100 גרם,false,,18.90,0.0859,true,1,1441846
7290110556242,false,"שוקולד מריר פרווה 100 גר' בד""ץ תוצרת חוץ","שטראוס גרופ בע""מ.",IL,שוקולד מריר פרווה על,גרמים,100.00,100 גרם,false,,5.50,0.0550,true,1,1441556
7290110557102,false,מעדן חלב עם שוקולד מועשר בחלבון 150 ג' שטראוס,מיוצר עי קונדיטוריית,IL,מעדן פרו חלב עם שוקו,גרמים,150.00,100 גרם,false,,4.90,0.0327,true,1,1439692
7290110557133,false,מעדן הגולן וניל 125 ג' שטראוס,מיוצר עי קונדיטוריית,IL,מעדן הגולן וניל 125,גרמים,125.00,100 גרם,false,,2.90,0.0232,true,1,1437620
7290110557645,false,מאגדת חטיפים אנרג'י מיקס צימוקים חמוציות 100X4 גרם,קונסרב איטליה,GB,אנרג'י מיקס צימוקים,גרמים,100.00,100 גרם,false,,15.90,0.1590,true,1,1440974
7290110558314,false,דנונה פרו 20 גרם חלבון ללא סוכר פיסטוק 200 גרם,"שטראוס בריאות בע""מ",IL,דנונה פרו ללא סוכר פ,גרמים,200.00,100 גרם,false,,5.90,0.0295,true,1,1441065
7290110559007,false,"שועועית חומה טעם הטבע קופסה, 380 גרם",קונסרב איטליה,IT,שעועית חומה שטראוס ט,גרמים,380.00,100 גרם,false,,6.80,0.0179,true,1,1440975
7290110559014,false,שעועית שחורה מבושלת טעם הטבע 380 גרם,קונסרב איטליה,IT,שעועית שחורה שטראוס,גרמים,380.00,100 גרם,false,,6.80,0.0179,true,1,1440976
7290110559755,false,"מאגדת אנרג'י ריל בוטנים,פיסטוק וחמוציות 115 גרם",קונסרב איטליה,GR,ריל מאגדת בוטנים פיס,גרמים,105.00,100 גרם,false,,15.90,0.1514,true,1,1440284
7290110560317,false,"הפריכיות הטעימות חומוס, עדשים שחורות, קינואה ומלח ים","פרח תעשיו מזון בע""מ",IL,פריכיות משולשות מלח,גרמים,30.00,100 גרם,false,,4.90,0.1633,true,1,1433357
7290110563431,false,"משקה קפה קר בסגנון קלאסי 230 מ""ל 1.6% יוטבתה",האי נאם סי או אל.טי.,AT,משקה קפה קר קלאסי 1.,מיליליטרים,230.00,"100 מ""ל",false,,7.90,0.0343,true,1,1405916
7290110563448,false,"משקה קפה קר בסגנון מעודן 230 מ""ל 1.6% יוטבתה",האי נאם סי או אל.טי.,AT,משקה קפה קר מעודן 1.,מיליליטרים,230.00,"100 מ""ל",false,,7.90,0.0343,true,1,1405917
7290110563462,false,חלב בבקבוק נטול לקטוז 2% יטבתה 1 ל',מחלבת יטבתה,IL,חלב בבקבוק נטול לקטו,מיליליטרים,1000.00,"100 מ""ל",false,,7.90,0.0079,true,1,1405919
7290110564360,false,חומוס אחלה הסידרה המובחר 40% טחינה 400 גר',מיוצר עי קונדיטוריית,IL,חומוס עשיר 40% טחינה,גרמים,400.00,100 גרם,false,,13.90,0.0348,true,1,1405924
7290110564742,false,"משקה קפה קר בסגנון חזק 230 מ""ל 1.2% יוטבתה",האי נאם סי או אל.טי.,AT,משקה קפה קר בסגנון ח,מיליליטרים,230.00,"100 מ""ל",false,,7.90,0.0343,true,1,1405934
7290110565527,false,יוגורט PRO פרו 1.5% 20 גרם חלבון בגביע,"שטראוס בריאות בע""מ",IL,יוגורט פרו 20 גרם חל,גרמים,200.00,100 גרם,false,,5.90,0.0295,true,1,1405940
7290110566975,false,דנונה פרו יוגורט 0% תות עשיר בחלבון 200ג',"שטראוס בריאות בע""מ",IL,יוגורט דנונה פרו 20,גרמים,200.00,100 גרם,false,,5.90,0.0295,true,1,1405946
7290110568276,false,משקה וניל פרו Pro מועשר בחלבון 1.5%,שטראוס גרופ,IL,יטבתה פרו וניל 350 מ,מיליליטרים,350.00,"100 מ""ל",false,,6.50,0.0186,true,1,1405955
7290110568559,false,דוריטוס עלית מארז חמוץ חריף 10 יח' *25 ג',שטראוס פריטו ליי (מל,IL,דוריטוס חמוץ חריף 10,גרמים,250.00,100 גרם,false,,14.90,0.0596,true,1,1406209
7290110571382,false,מעדן חלב בטעם וניל מעושר בחלבון 150 ג' שטראוס,"שטראוס בריאות בע""מ",IL,מעדן חלב בטעם וניל מ,גרמים,150.00,100 גרם,false,,4.90,0.0327,true,1,1439333
7290110571405,false,עלית - מיני פינוקיות בגביע פסק זמן 180 גרם,הגביע,IL,מיני פינוקיות בגביע,גרמים,180.00,100 גרם,false,,10.90,0.0606,true,1,1441849
7290110572129,false,כיף כף מקלות שוקולד לבן 40 ג' עלית,סולן בעבור שטראוס,TR,כיף כף מקלות שוקולד,גרמים,40.00,100 גרם,false,,4.90,0.1225,true,1,1441851
7290110572969,false,כיף כף פצפצים עקרם לבן 40ג' עלית,שולן צ'יקולטה גידה ס,TR,כיף כף פצפצים קרם לב,גרמים,40.00,100 גרם,false,,5.00,0.1250,true,1,1440979
7290110572976,false,כיף כף פצפצים בגביע במילוי קרם בטעם שוקולד לבן,שולן צ'יקולטה גידה ס,TR,כיף כף פצפצים קרם לב,גרמים,135.00,100 גרם,false,,10.60,0.0785,true,1,1440980
7290110576318,false,מאגדת שלישיית שוקולד אגוז לבן 300 ג' עלית,סמואה,FR,שוקולד אגוז לבן עלית,גרמים,300.00,100 גרם,false,,24.90,0.0830,true,1,1441547
7290110576363,false,"שוקולד ספלנדיד מריר 80% חלבי ,פולי קקאו מאוגנדה",קימ'ס גריפלנן,BE,ספלנדיד שוקולד מריר,גרמים,100.00,100 גרם,false,,7.90,0.0790,true,1,1440599
7290110576370,false,מארז שלישייה שוקולד מריר חלבי עם אגוזי לוז,שטראוס,IL,שוקולד אגוז מריר עלי,גרמים,300.00,100 גרם,false,,24.90,0.0830,true,1,1441548
7290110576752,false,טבלאות שוקולד ספלנדיד מריר 70% 100 ג' עלית,קימ'ס גריפלנן,BE,שוקולד ספלנדיד מריר,גרמים,100.00,100 גרם,false,,10.90,0.1090,true,1,1441855
7290110576790,false,סקי בטעם מוקה 125 ג' שטראוס,מגנום- שטראוס,IL,סקי בטעם מוקה שטראוס,גרמים,125.00,100 גרם,false,,3.70,0.0296,true,1,1441780
7290110576868,false,רבעיית גמדים סלט פירוט * 100 ג' שטראוס,שטראוס גרופ,IL,גמדים רביעיית סלט פי,מיליליטרים,400.00,"100 מ""ל",false,,11.40,0.0285,true,1,1441782
7290110577230,false,משקה חלב פיסטוק 1ליטר יטבתה בקבוק,שטראוס גרופ,IL,משקה חלב בטעם פיסטוק,מיליליטרים,1000.00,"100 מ""ל",false,,11.90,0.0119,true,1,1441783
7290110577247,false,"יטבתה משקה חלב-פיסטוק בבקבוק 350 מ""ל",שטראוס גרופ,IL,משקה חלב בטעם פיסטוק,מיליליטרים,350.00,"100 מ""ל",false,,6.20,0.0177,true,1,1441784
7290111350092,false,מארז מיקס חטיפי מיני לואקר בסט 200 גר,ליימן מותגים,,מארז חטיפי לואקר המי,גרמים,200.00,100 גרם,false,,21.90,0.1095,true,1,1412359
7290111350726,false,חטיף נאצוס הוטפופ בסגנון מקסיקני 322 גר,ליימן מותגים,US,חטיף נאצ'וס בסגנון מ,גרמים,332.00,100 גרם,false,,16.90,0.0509,true,1,1412369
7290111352959,false,גומי יוגטה מקלותי חמוצים טעם פירות 80 גר,יוגטה yogueta,TR,מקלות חמוצים-סוכריות,גרמים,80.00,100 גרם,false,,5.00,0.0625,true,1,1431333
7290111352966,false,יוגטה סוכריות ממולאות בטעם פירות 250 גרם ללא ג'לטין,ליימן שליסל,TR,סוכריות גומי ממולאות,גרמים,250.00,100 גרם,false,,9.90,0.0396,true,1,1431334
7290111352973,false,יוגוטה קוביות חמוצות ממולאות בטעם פירות,יוגטה yogueta,TR,קוביות חמוצות 220 גר,גרמים,220.00,100 גרם,false,,9.90,0.0450,true,1,1431335
7290111353055,false,"גומי דובי 200 גר' וסטהיים (כש""לפ בית יוסף)",טופגם תעשיות ממתקים,IL,סוכריות גומי דובונים,גרמים,200.00,100 גרם,false,,10.90,0.0545,true,1,1432577
7290111353109,false,"גומי נחש מבריק 200 גר' וסטהיים (כש""לפ בית יוסף).",טופגם תעשיות ממתקים,IL,סוכריות גומי נחשים מ,גרמים,200.00,100 גרם,false,,10.90,0.0545,true,1,1432561
7290111353123,false,"גומי נחש מסוכר 200 גר' וסטהיים (כש""לפ בית יוסף)",טופגם תעשיות ממתקים,IL,סוכריות גומי נחשים ח,גרמים,200.00,100 גרם,false,,10.90,0.0545,true,1,1432578
7290111353239,false,"גומי יין 200 גר' וסטהיים (כש""לפ בית יוסף)",טופגם תעשיות ממתקים,IL,סוכריות גומי יין 200,גרמים,200.00,100 גרם,false,,10.90,0.0545,true,1,1432579
7290111353475,false,"שטיחים חמוצים בטעם פירות 200 גרם בד""ץ",סאדאט,TR,שטיחים חמוצים יוגטה,גרמים,250.00,100 גרם,false,,9.90,0.0396,true,1,1438641
7290111354335,false,מיני מרשמלו יוגטה בטעם וניל 30 גר,,IL,יוגטה מיני מרשמלו בט,גרמים,30.00,100 גרם,false,,2.50,0.0833,true,1,1439230
7290111563492,false,סלטי צבר מטבוחה חריפה מרובע 6*400גרם,סלטי צבר,IL,מטבוחה חריפה צבר 400,גרמים,400.00,100 גרם,false,,12.90,0.0323,true,1,1407374
7290111564291,false,פריכיות דקות ונימוחות 3 דגנים וקינואה פיטנס Fitness,פרח תעשיות,IL,פריכיות דקות 3 דגנים,גרמים,120.00,100 גרם,false,,10.90,0.0908,true,1,1407377
7290111564956,false,"ביסלי במבה מיקס 200 גרם ""אסם""",פרו מן יו פתרונות אר,IL,ביסלי במבה מיקס 200,גרמים,200.00,100 גרם,false,,8.90,0.0445,true,1,1407384
7290111566103,false,טבעול פלאפל מרכיבים ביתיים בלבד 590 גרם,עיצובים 2020 (4.8),IL,טבעול פלאפל מרכיבים,גרמים,590.00,100 גרם,false,,31.90,0.0541,true,1,1407396
7290111566240,false,שניצל דק מן הצומח בטעם צ'ילי חריף 700 גרם,עיצובים 2020 (4.8),IL,טבעול שניצל דק בטעם,גרמים,564.00,100 גרם,false,,31.90,0.0566,true,1,1407398
7290111566271,false,טבעול חטיפי תירס 657גרם,עיצובים 2020 (4.8),IL,טבעול חטיפי תירס 657,גרמים,657.00,100 גרם,false,,30.90,0.0470,true,1,1407399
7290111566547,false,טבעול חזה בגריל צמחוני 99 קלוריות 560ג',עיצובים 2020 (4.8),IL,טבעול חזה בגריל צמחו,גרמים,560.00,100 גרם,false,,31.90,0.0570,true,1,1407405
7290111566561,false,"שניצל ברוקולי 99 קלוריות 560 גר' ""טבעול""",עיצובים 2020 (4.8),IL,טבעול שניצל ברוקולי,גרמים,560.00,100 גרם,false,,31.90,0.0570,true,1,1407406
7290111566585,false,"שניצל צמחוני 99 קלוריות 650 גר' ""טבעול""",עיצובים 2020 (4.8),IL,טבעול שניצל צמחוני 9,גרמים,650.00,100 גרם,false,,31.90,0.0491,true,1,1407407
7290111566714,false,טבעול המבורגר צמחוני 99 קלוריות 600 גר',עיצובים 2020 (4.8),IL,טבעול המבורגר צמחוני,גרמים,600.00,100 גרם,false,,31.90,0.0532,true,1,1407410
7290111566752,false,טבעול שניצל תירס 99 קלוריות 693 גר',עיצובים 2020 (4.8),IL,טבעול שניצל תירס 99,גרמים,693.00,100 גרם,false,,31.90,0.0460,true,1,1407412
7290111568206,false,ביסלי פארטי מיקס 150 ג' אסם,פרו מן יו פתרונות אר,IL,ביסלי פארטי מיקס 150,גרמים,150.00,100 גרם,false,,7.90,0.0527,true,1,1407419
7290111568251,false,אטריות נודלס להקפצה אסם אסייתי 350 גר',תאי פרזידנטפוד,TH,נודלס אטריות להקפצה,גרמים,350.00,100 גרם,false,,9.90,0.0283,true,1,1407420
7290111568961,false,אסם בייגלה טבעות מלח 400 גרם,אסם,IL,אסם בייגלה טבעות מלח,גרמים,400.00,100 גרם,false,,10.90,0.0273,true,1,1407430
7290111870910,false,מרשמלו מסולסל ארוך 18 גר'- כוח פי גיי,,CN,מרשמלו מסולסל ארוך 1,גרמים,18.00,גרם,false,,29.90,1.6611,true,1,1437803
7290111871078,false,מרשמלו מסולסל ארוך 18 גר' -ליגת הצדק,,CN,מרשמלו מסולסל ארוך 1,גרמים,432.00,גרם,false,,39.90,0.0924,true,1,1437807
7290111930799,false,קראנצ'וס טעם בצל 55גר,קראנצ'וס,IL,חטיף בטעם בצל קראנצ',גרמים,55.00,100 גרם,false,,3.50,0.0636,true,1,1414273
7290112292315,false,עוגת שוקוצ'יפס ללא ג,,,עוגת שוקוצ'יפס ללא ג,יחידה,1.00,יחידה,false,,10.00,10.0000,true,1,1415900
7290112292322,false,שטרודל תמרים ללא גלו,,,שטרודל תמרים ללא גלו,יחידה,1.00,יחידה,false,,10.00,10.0000,true,1,1415901
7290112293305,false,סלט ישראלי cff,,,סלט ישראלי cff,גרמים,450.00,100 גרם,false,,27.00,0.0600,true,1,1428094
7290112294197,false,כריך טונה מחמצת פריז,פוד פקטורי,IL,כריך טונה פריזאית cf,יחידה,1.00,יחידה,false,,20.00,20.0000,true,1,1431062
7290112295897,false,כריך ביס סביח cff,,,כריך ביס סביח cff,יחידה,1.00,יחידה,false,,12.00,12.0000,true,1,1438985
7290112295910,false,כריך כפרי חביתה cff,,,כריך כפרי חביתה cff,יחידה,1.00,יחידה,false,,15.00,15.0000,true,1,1438987
7290112296122,false,"כריך ביס גבנ""צ cff",,,"כריך ביס גבנ""צ cff",יחידה,1.00,יחידה,false,,12.00,12.0000,true,1,1438982
7290112296139,false,כריך ביס ביצה cff,,,כריך ביס ביצה cff,יחידה,1.00,יחידה,false,,12.00,12.0000,true,1,1438983
7290112296672,false,"סביבון ענק בד""ץ חנוכ",,,"סביבון ענק בד""ץ חנוכ",יחידה,1.00,יחידה,false,,15.90,15.9000,true,1,1442948
7290112296740,false,מארז שנה חדשה ומתוקה,,,מארז שנה חדשה ומתוקה,יחידה,1.00,יחידה,false,,250.00,250.0000,true,1,1441598
7290112330352,false,"יוגורט PRO בטעם וניל 0% , 20 גרם חלבון בגביע","שטראוס בריאות בע""מ",IL,דנונה פרו 20 גר וניל,גרמים,200.00,100 גרם,false,,5.90,0.0295,true,1,1405964
7290112330390,false,יוגורט PRO בטעם פירות יער 0% 20 גרם חלבון בגביע,"שטראוס בריאות בע""מ",IL,דנונה פרו 20 גר פירו,גרמים,200.00,100 גרם,false,,5.90,0.0295,true,1,1405966
7290112332585,false,"פריכיות תפו""א, אורז בתיבול סלק ומלח חי 30 גר'","פרח תעשיו מזון בע""מ",IL,"פריכיות תפו""א אורז ס",גרמים,30.00,100 גרם,false,,4.90,0.1633,true,1,1416698
7290112332691,false,פינוקיות עוגיות קרם פסק זמן אגוזים 200 גרם,הגביע מוצרי ופלים בע,IL,פינוקיות קרם פסק זמן,גרמים,200.00,100 גרם,false,,10.90,0.0545,true,1,1416699
7290112332899,false,עלית - צנצנת בזוקה פופים קלאסי 58 גרם,רוג'ר אנד רוג'ר,IL,בזוקה פופים קלאסי 58,גרמים,58.00,100 גרם,false,,9.90,0.1707,true,1,1416702
7290112335487,false,פריכיות הטעימות קצח ודגנים אנרגי 135 גר,אנרג'י Energy - שטראוס,IL,פריכיות 3 דגנים עם ק,גרמים,135.00,100 גרם,false,,10.90,0.0807,true,1,1432522
7290112335500,false,"פרכיות אנרג'י חומוס,אורז,עדשים שחורות וקינואה 135 גרם",אנרג'י Energy - שטראוס,IL,פריכיות חומוס אורז ע,גרמים,135.00,100 גרם,false,,10.90,0.0807,true,1,1432524
7290112336637,false,סוכריות מאסט Must ללא סוכר יוגורט תות ואוכניות,שטראוס גרופ,PL,"סוכריות לל""ס יוגורט",גרמים,80.00,100 גרם,false,,7.90,0.0988,true,1,1429874
7290112336644,false,סוכריות מאסט ללא סוכר לימון 80 ג' עלית,שטראוס גרופ,PL,"סוכריות לל""ס לימון 8",גרמים,80.00,100 גרם,false,,7.90,0.0988,true,1,1429876
7290112336651,false,סוכריות מאסט ללא סוכר ריבת חלב 80 ג' עלית,שטראוס גרופ,PL,"סוכריות לל""ס ריבת חל",גרמים,80.00,100 גרם,false,,7.90,0.0988,true,1,1429877
7290112336712,false,יוגורט PRO לבן 0% 21 גרם חלבון בגביע,"שטראוס בריאות בע""מ",IL,דנונה פרו 21 גר 0% ש,גרמים,200.00,100 גרם,false,,5.90,0.0295,true,1,1405986
7290112337474,false,סוכריות מאסט ללא סוכר פטל לימון 80 ג' עלית,שטראוס גרופ,PL,"סוכריות לל""ס פטל לימ",גרמים,80.00,100 גרם,false,,7.90,0.0988,true,1,1429875
7290112339171,false,מילקי מוס עם שוקולד וקצפת,מיוצר עי קונדיטוריית,IL,מילקי מוס עם שוקולד,גרמים,81.00,100 גרם,false,,3.90,0.0481,true,1,1405994
7290112339867,false,גמדים לדרך גבינה לבנה עם מחית תות,שטראוס,IL,גמדים סקוויז בודד תו,גרמים,100.00,100 גרם,false,,5.80,0.0580,true,1,1406006
7290112339874,false,גמדים לדרך גבינה לבנה עם מחיות תות ובננה,שטראוס,IL,גמדים סקוויז בודד תו,גרמים,100.00,100 גרם,false,,5.80,0.0580,true,1,1406007
7290112340122,false,פריכיות טעימות 3 דגנים אנרגי 135 גר,אנרג'י Energy - שטראוס,IL,פריכיות 3 דגנים אנרג,גרמים,135.00,100 גרם,false,,10.90,0.0807,true,1,1432525
7290112340252,false,צנצנת מסטיק מאסט בטעם אבטיח מלון 66 ג' עלית,"שטראוס גרופ בע""מ",IL,צנצנת מאסט בטעם אבטי,גרמים,66.00,100 גרם,false,,9.90,0.1500,true,1,1406010
7290112341679,false,דנונה אקטיביה 3% שומן 200 גרם,מיוצר עי קונדיטוריית,IL,יוגורט פרוביוטי 3% א,גרמים,200.00,100 גרם,false,,4.00,0.0200,true,1,1406015
7290112341686,false,מארז אקטיביה שמיניה 3% 150 גר*8,מיוצר עי קונדיטוריית,IL,מארז אקטיביה 3% 150,גרמים,1.20,100 גרם,false,,19.90,16.5833,true,1,1422631
7290112342102,false,סימפוניה גבינה במרקם שמנת בצל מקורמל 5%,"שטראוס בריאות בע""מ",IL,סימפוניה בצל מקורמל,גרמים,200.00,100 גרם,false,,11.00,0.0550,true,1,1422635
7290112342515,false,דוריטוס צ'יזי טוויסט 55 גרם,STRAUSS-ISRAEL,IL,דוריטוס קול ראנצ' 55,גרמים,55.00,100 גרם,false,,3.50,0.0636,true,1,1406226
7290112343420,false,"משקה חלב עם דגנים מלאים ובננה פרו יטבתה 350מ""ל",מחלבת יטבתה,IL,יטבתה פרו ארוחת בוקר,מיליליטרים,350.00,"100 מ""ל",false,,7.50,0.0214,true,1,1420775
7290112343499,false,חטיף צ'יטוס פאפס אפוי בטעם גבינה,"שטראוס פריטו ליי בע""",IL,צ'יטוס פאפס 55 גרם,גרמים,55.00,100 גרם,false,,3.50,0.0636,true,1,1437208
7290112343512,false,ציטוס 160 גרם 9 יחידות puffs,"שטראוס פריטו ליי בע""",IL,צ'יטוס פאפס 160 גרם,גרמים,160.00,100 גרם,false,,7.90,0.0494,true,1,1437209
7290112344724,false,מעדן בטעם שוקולד בלונדי 170 ג' מילקי,מיוצר עי קונדיטוריית,IL,מילקי בטעם שוקולד בל,גרמים,170.00,100 גרם,false,,3.50,0.0206,true,1,1420777
7290112344755,false,מילקי שוקולד 26% פחות סוכר 135 גרם,מיוצר עי קונדיטוריית,IL,מילקי עם 26% פחות סו,גרמים,133.00,100 גרם,false,,2.90,0.0218,true,1,1433468
7290112344953,false,סימפוניה חציל קלוי גבינה במקרם שמנת 5%,"שטראוס בריאות בע""מ",IL,סימפוניה חציל קלוי 2,גרמים,200.00,100 גרם,false,,11.00,0.0550,true,1,1433912
7290112346360,false,בפלות אחת אחת ופל בטעם שוקולד מצופה שוקולד,הגביע מוצרי וופלים ב,GR,בפלות אחת אחת בציפוי,גרמים,180.00,100 גרם,false,,12.90,0.0717,true,1,1429205
7290112346537,false,עוגיות פינוקיות בטעם טורטית 200 ג' עלית,הגביע מוצרי ופלים בע,IL,פינוקיות בטעם טורטית,גרמים,200.00,100 גרם,false,,10.90,0.0545,true,1,1441431
7290112346797,false,יוגורט אקטיביה שיבולת שועל ושזיף 150 גרם,מיוצר עי קונדיטוריית,IL,אקטיביה עם שיבולת שו,גרמים,150.00,100 גרם,false,,4.60,0.0307,true,1,1429029
7290112348142,false,שעועית לבנה 380 גר' בקופסה טעם הטבע,שטראוס טעם הטבע,IT,שעועית לבנה מבושלת ט,גרמים,380.00,100 גרם,false,,6.80,0.0179,true,1,1429903
7290112348999,false,פריכיות טעימות תירס דקות 135 גרם,פרח תעשיות,IL,פריכיות תירס דקות אנ,גרמים,135.00,100 גרם,false,,10.90,0.0807,true,1,1433888
7290112349316,false,מסטיק בזוקה פופים ממולא בטעם תות ללא סוכר,רוג'ר אנד רוג'ר,DE,בזוקה ביג פופים בטעם,גרמים,86.00,100 גרם,false,,12.90,0.1500,true,1,1429201
7290112349378,false,מאסט סוכריות FRESH בטעם תות רימון,"הליקון גידה בע""מ",TR,סוכריות FRESH בטעם ר,גרמים,15.00,100 גרם,false,,3.90,0.2600,true,1,1433369
7290112349606,false,מעדן גבינה ויוגורט תות בננה 88 ג' דניאלה,"שטראוס בריאות בע""מ",IL,דניאלה תות בננה 88 ג,גרמים,88.00,100 גרם,false,,4.10,0.0466,true,1,1438569
7290112349705,false,פומודורו רוטב עגבניות קלאסי לפסטה 350 גר' יד מרדכי,אמיליאנה קונסרב סוסי,IT,פומודור רוטב עגבניות,גרמים,350.00,100 גרם,false,,11.90,0.0340,true,1,1427744
7290112349736,false,בזיליקום רוטב עגבניות לפסטה 350 גר' יד מרדכי,אמיליאנה קונסרב סוסי,IT,בזיליקום רוטב עגבניו,גרמים,350.00,100 גרם,false,,11.90,0.0340,true,1,1427745
7290112349743,false,ארביאטה רוטב עגבניות פיקנטי לפסטה 350 ג' יד מרדכי,אמיליאנה קונסרב ס.פ.,IT,ארביאטה רוטב עגבניות,גרמים,350.00,100 גרם,false,,10.90,0.0311,true,1,1427742
7290112349750,false,פיצה רוטב עגבניות לפיצה 350 גר' יד מרדכי,אמיליאנה קונסרב ס.פ.,IT,פיצה רוטב עגבניות לפ,גרמים,350.00,100 גרם,false,,11.90,0.0340,true,1,1427746
7290112349897,false,מסטיק מאסט Must קוביות בטעם מנטה ללא סוכר,רוג'ר אנד רוג'ר,DE,מאסט קוביות מנטה  86,גרמים,86.00,100 גרם,false,,12.90,0.1500,true,1,1429203
7290112351104,false,שוקולד פרה ממולא פיצפוצי אורז 100 ג' עלית,STRAUSS-ISRAEL,IL,שוקולד פרה חלב פצפוצ,גרמים,100.00,100 גרם,false,,5.90,0.0590,true,1,1429728
7290112351128,false,שוקולד פרה סוכריות קופצות 100 ג' עלית,"שטראוס גרופ בע""מ",IL,שוקולד פרה סוכריות ק,גרמים,90.00,100 גרם,false,,5.90,0.0656,true,1,1432141
7290112351258,false,עוגיית קקאו פינוקיות שחור לבן 200 גר,הגביע מוצרי ופלים,IL,פינוקיות שחור לבן 20,גרמים,200.00,100 גרם,false,,10.90,0.0545,true,1,1432155
7290112354228,false,"פיצה מרגריטה עם זיתים ""דלישס"" שטראוס",סקרלינפיצה אס.אר.אל,IT,פיצה מרגריטה עם זיתי,גרמים,400.00,100 גרם,false,,25.90,0.0647,true,1,1437529
7290112354945,false,חטיף תפוצ'יפס WAVY בטעם טבעי,שטראוס פריטו ליי בע”,IL,תפוציפס wavy טבעי 5,גרמים,50.00,100 גרם,false,,4.00,0.0800,true,1,1441833
7290112354952,false,חטיף תפוצ'יפס WAVY בטעם פפריקה,שטראוס פריטו ליי בע”,IL,תפוציפס wavy פפריקה,גרמים,50.00,100 גרם,false,,4.00,0.0800,true,1,1441834
7290112354969,false,תפוצ'יפס בטעם טבעי 200 גרם היתר מכירה,שטראוס פריטו ליי בע”,IL,תפוציפס wavy טבעי 2,גרמים,200.00,100 גרם,false,,10.90,0.0545,true,1,1441835
7290112355027,false,דנונה פרו 20 גרם חלבון קרמל מלוח 200 גרם,"שטראוס בריאות בע""מ",IL,דנונה פרו 20 גרם בטע,גרמים,200.00,100 גרם,false,,5.90,0.0295,true,1,1433465
7290112355102,false,גמדים סקוויז 100 גרם פאוץ סלט פירות 100 גרם,"שטראוס בריאות בע""מ",IL,גמדים פאוץ סלט פירות,גרמים,100.00,100 גרם,false,,5.80,0.0580,true,1,1433908
7290112355393,false,"יטבתה רוטב שמנת+בטטה 9% שומן 250 מ""ל",שטראוס גרופ,IL,רוטב שמנת עם בטטה יט,מיליליטרים,257.00,"100 מ""ל",false,,10.90,0.0424,true,1,1441785
7290112355812,false,מילקי טופ קורנפלקס 141 ג' שטראוס,"שטראוס גרופ בע""מ",IL,מילקי טופ קורנפלקס 1,גרמים,141.00,100 גרם,false,,4.90,0.0348,true,1,1440344
7290112357045,false,עגבניות איטלקיות מרוסקות 390 גר' בקופסה טעם הטבע,שטראוס טעם הטבע,IT,עגבניות איטלקיות מרו,גרמים,390.00,100 גרם,false,,6.80,0.0174,true,1,1429904
7290112357083,false,טעם הטבע אפונה ירוקה 380 גרם קופסה,הדקלאים אגודת שיתופי,IT,אפונה ירוקה מבושלת ט,גרמים,380.00,100 גרם,false,,6.80,0.0179,true,1,1429906
7290112357106,false,שעועית אדומה 380 גר' בקופסה טעם הטבע,שטראוס טעם הטבע,IT,שעועית אדומה מבושלת,גרמים,380.00,100 גרם,false,,6.80,0.0179,true,1,1429907
7290112357113,false,גרגרי חומוס בקופסה 380 גר' טעם הטבע,שטראוס טעם הטבע,IT,גרגרי חומוס טעם הטבע,גרמים,380.00,100 גרם,false,,6.80,0.0179,true,1,1429908
7290112358004,false,פסק זמן קראנצ' עלית 32 גרם,שולן צ'יקולטה גידה ס,IL,פסק זמן קראנץ' 32 גר,גרמים,32.00,100 גרם,false,,4.90,0.1531,true,1,1433359
7290112359902,false,"קפה פלטינום ברזיל עלית, 47 גרם",אינסטנטה,PL,פלטינום ברזיל 47 גרם,גרמים,47.00,100 גרם,false,,5.90,0.1255,true,1,1438796
7290112490117,false,טבלת קליק XL אגוז וופל 85 ג' ורד הגליל!,יוניליוור ישראל מזון,IL,קליק XL שוקולד חלב ע,גרמים,85.00,100 גרם,false,,5.30,0.0624,true,1,1409839
7290112490209,false,נמס בכוס מרק עגבניות עם קרוטונים רכיבים טבעיים,אתר חיפה אבקות - Foo,IL,נמס בכוס מרק עגבניות,גרמים,56.00,100 גרם,false,,6.90,0.1232,true,1,1409841
7290112490735,false,מרק עשיר עגבניות פסטה ר.טבעי קנור 105ג',יוניליוור,IL,מרק עגבניות עם פסטה,גרמים,105.00,100 גרם,false,,12.90,0.1229,true,1,1409853
7290112491770,false,בייגלה דקים דקים מלח ב.בייגל 300 גר',בייגל את בייגל מזון,IL,דקים דקים מלח 300 גר,גרמים,300.00,100 גרם,false,,9.90,0.0330,true,1,1409874
7290112491794,false,בייגלה דקים דקים בטעם שמנת בצל 300 גרם,בייגל בייגל BB,IL,דקים דקים שמנת בצל 3,גרמים,300.00,100 גרם,false,,9.90,0.0330,true,1,1409876
7290112492449,false,פינוק שמפו שיער רגיל 700 מל-חדש,יוניליוור ישראל טיפו,IL,פינוק שמפו שיער רגיל,גרמים,700.00,100 גרם,false,,11.90,0.0170,true,1,1428947
7290112492531,false,פינוק מרכך שיער רגיל 700 מל-חדש,אתר ליוור - HPC,IL,פינוק מרכך שיער רגיל,גרמים,700.00,100 גרם,false,,11.90,0.0170,true,1,1409884
7290112492593,false,תחליב רחצה פינוק בניחוח פינוק קלאסי 700,אתר ליוור - HPC,IL,פינוק תח.רחצה קלאסי,מיליליטרים,700.00,"100 מ""ל",false,,11.90,0.0170,true,1,1409886
7290112492609,false,"תחליב רחצה פינוק 700 מ""ל לבנדר ווניל",אתר ליוור - HPC,IL,פינוק תח.רחצה לבנדר,מיליליטרים,700.00,"100 מ""ל",false,,11.90,0.0170,true,1,1428949
7290112493293,false,קנור - נמס ירקות וקרוטונים ר.טבעי 44 גרם,אתר חיפה אבקות - Foo,IL,נמס בכוס מרק ירקות ק,גרמים,44.00,100 גרם,false,,6.90,0.1568,true,1,1409899
7290112493934,false,גלידה וניל צרפתי 1.33ל' קרמיסימו,"גלידת שטראוס בע""מ, ר",IL,גלידת קרמיסימו 1.33,מיליליטרים,1330.00,"100 מ""ל",false,,18.90,0.0142,true,1,1429165
7290112494382,false,פירה בטעם ביתי 260 גרם-קופסא,יוניליוור ישראל מזון,IL,קנור פירה ביתי 260 ג,גרמים,260.00,100 גרם,false,,11.60,0.0446,true,1,1409912
7290112494993,false,דגני בוקר וניל 686ג' כריות,יוניליוור שפע ישראל,IL,כריות וניל 686 גרם,גרמים,686.00,100 גרם,false,,24.90,0.0363,true,1,1409921
7290112495020,false,כריות צוקולדה בדצ מאוחד 750 גר,יוניליוור שפע ישראל,IL,כריות צ'וקולדה 686 ג,גרמים,686.00,100 גרם,false,,24.90,0.0363,true,1,1409923
7290112495037,false,דגני בוקר בטעם שוקולד כדורים 375 ג' קוקומן,יוניליוור שפע ישראל,IL,קוקומן כדורים 375 גר,גרמים,375.00,100 גרם,false,,20.90,0.0557,true,1,1409924
7290112495105,false,נשנושים שמנת בצל 260 גרם -נ.ל.פ,בייגל את בייגל מזון,IL,נשנושים שמנת בצל 260,גרמים,260.00,100 גרם,false,,12.90,0.0496,true,1,1409925
7290112495112,false,נשנושים זעתר ב.בייגל 260ג',בייגל את בייגל מזון,IL,נשנושים זעתר 260 גרם,גרמים,260.00,100 גרם,false,,12.90,0.0496,true,1,1409926
7290112495242,false,קורנפלקס מייפל תלמה 448 גר'.,יוניליוור,IL,קורנפלקס מייפל תלמה,גרמים,448.00,100 גרם,false,,22.90,0.0511,true,1,1420799
7290112495792,false,הלמנס רוטב לסלט שום לייט 300 גר',יוניליוור ישראל מזון,IL,הלמנס ר.לסלט שוםלייט,גרמים,300.00,100 גרם,false,,10.90,0.0363,true,1,1427754
7290112495808,false,"רטבי הלמנס לסלט 300 מ""ל חרדל ודבש",יוניליוור ישראל מזון,IL,הלמנס לסלט חרדל דבש,גרמים,305.00,100 גרם,false,,10.90,0.0357,true,1,1428995
7290112495822,false,כריות BLAK שוקולד וניל 686 גר',יוניליוור שפע ישראל,IL,כריות בלאק 686 גרם,גרמים,686.00,100 גרם,false,,24.90,0.0363,true,1,1420800
7290112496027,false,סירופ שוקולד 580 גרם-בקבוק,יוניליוור ישראל מזון,IL,סירופ בטעם שוקולד אפ,גרמים,580.00,100 גרם,false,,13.90,0.0240,true,1,1428283
7290112496294,false,חטיף פתית צ'יפס עם אפונה ירוקה צהובה וצ'ילי,JLM גלובל פודס37 דרך,GB,פתית צ'יפס אפונה בתו,גרמים,22.00,100 גרם,false,,4.90,0.2227,true,1,1432064
7290112496584,false,קליק כריות בלאק לבן 65 גר,"דרך השוקולד 1, צפת 1",IL,קליק כריות בלאק לבן,גרמים,65.00,100 גרם,false,,5.90,0.0908,true,1,1432070
7290112499097,false,מאגדת מיני מגנום מריר Intense Dark! 240 גרם,"מיוצר ע""י גלידת שטרא",IL,מאגדת מיני מגנום מרי,יחידה,5.00,יחידה,false,,25.90,5.1800,true,1,1438969
7290112499103,false,קורנטו קליק וניל עוגיות 72 ג' שטראוס,שטראוס גרופ גלידות,IL,טילון קורנטו קליק ונ,גרמים,72.00,100 גרם,false,,6.90,0.0958,true,1,1439404
7290112499196,false,גלידה בטעם החלב של הקורנפלקס 1.33 ל' קרמיסימו,"גלידת שטראוס בע""מ, ר",IL,קרמיסימו קורנפלקס 1.,מיליליטרים,1330.00,"100 מ""ל",false,,18.90,0.0142,true,1,1440481
7290112499639,false,טילון סופר מגנום וניל צ'יפ ושוקולד 110 ג',"מיוצר ע""י גלידת שטרא",IL,טילון סופר מגנום וני,יחידה,1.00,יחידה,false,,9.90,9.9000,true,1,1427834
7290112499677,false,מגנום וניל בציפוי שוקולד לבן,"מיוצר ע""י גלידת שטרא",IL,מגנום שוקiלד לבן,יחידה,1.00,יחידה,false,,9.90,9.9000,true,1,1427831
7290112499844,false,מאגדת מיני מגנום דואט שוקולד עם נוגט 5 יח' שטראוס,"מיוצר ע""י גלידת שטרא",IL,מיני מגנום דואט שוקו,יחידה,5.00,יחידה,false,,25.90,5.1800,true,1,1427837
7290112499929,false,מגנום שוקולד אימפלס פסח 120מל,"מיוצר ע""י גלידת שטרא",IL,מגנום שוקולד,יחידה,1.00,יחידה,false,,9.90,9.9000,true,1,1427838
7290112700704,false,נר גדול ספרה 7 מנצנץ,,,נר גדול ספרה 7 מנצנץ,יחידה,1.00,יחידה,false,,6.40,6.4000,true,1,1424789
7290112700728,false,נר גדול ספרה 7 מנצנץ,שמחה זה אנחנו,,נר גדול ספרה 7 מנצנץ,יחידה,1.00,יחידה,false,,6.40,6.4000,true,1,1424791
7290112700834,false,סוכריות סודה צמיד עם שעון שקית -LOL,Unknown,CN,סוכריות סודה צמיד עם,יחידה,14.00,יחידה,false,,14.90,1.0643,true,1,1435238
7290112961327,false,בייגלה כפיות פיזור כפרי 300 גרם אסם,"אסם תעשיות בע""מ",IL,בייגלה כפיות פיזור כ,גרמים,300.00,100 גרם,false,,10.90,0.0363,true,1,1407447
7290112961440,false,פיטנס חטיפי פריכיות שוקולד מריר 84 גרם,פרח תעשיות,IL,פיטנס בר פירכיות שוק,גרמים,84.00,100 גרם,false,,12.90,0.1536,true,1,1434714
7290112963918,false,פיטנס חטיפי קרקר דק רוזמרין 140 גרם,נסטלה Nestle,IL,פיטנס קרקר THIN רוזמ,גרמים,140.00,100 גרם,false,,11.90,0.0850,true,1,1407462
7290112964434,false,אסם רוטב קיסר חדש לסלט 295 גרם,"אסם תעשיות בע""מ",IL,רוטב לסלט קיסר 295 ג,מיליליטרים,290.00,"100 מ""ל",false,,11.90,0.0410,true,1,1407469
7290112964472,false,אסם רוטב שום חדש לסלט 290 גרם,"אסם תעשיות בע""מ",IL,רוטב לסלט שום 290 גר,מיליליטרים,290.00,"100 מ""ל",false,,11.90,0.0410,true,1,1407471
7290112964564,false,"רוטב אלף האיים לייט לסלט 290 מ""ל אסם","אסם תעשיות בע""מ",IL,רוטב אלף האיים לייט,מיליליטרים,290.00,"100 מ""ל",false,,11.90,0.0410,true,1,1407472
7290112964601,false,רוטב בנוסח סצ'ואן הסדרה האסייתית,"אסם תעשיות בע""מ",IL,רוטב בנוסח סצ'ואן הס,מיליליטרים,290.00,"100 מ""ל",false,,11.90,0.0410,true,1,1421704
7290112965165,false,מרק נמס בטעם פטריות זוג * 24 ג' אסם,"אסם תעשיות בע""מ",IL,מרק נמס פטריות רגע ח,גרמים,48.00,100 גרם,false,,6.20,0.1292,true,1,1428185
7290112965240,false,אוסם - מרק נמס עגבניות זוג 30 גרם * 2,"אסם תעשיות בע""מ",IL,מרק נמס עגבניות רגע,גרמים,60.00,100 גרם,false,,6.20,0.1033,true,1,1428186
7290112965264,false,אסם זוג מרק נמס אפונה בדצ 14*30גרם,"אסם תעשיות בע""מ",IL,מרק נמס אפונה רגע חם,גרמים,52.00,100 גרם,false,,6.20,0.1192,true,1,1432205
7290112965288,false,אסם זוג מרק נמס ירקות בדצ10*30גרם,"אסם תעשיות בע""מ",IL,מרק נמס ירקות רגע חם,גרמים,56.00,100 גרם,false,,6.20,0.1107,true,1,1432201
7290112965301,false,זוג מרק נמס בטעם עוף עם שקדי מרק רגע חם,"אסם תעשיות בע""מ",IL,מרק נמס בטעם עוף עם,גרמים,52.00,100 גרם,false,,6.20,0.1192,true,1,1428187
7290112965660,false,פיטנס - חטיף מולטיגריין מלח פלפל 25 גרם,מיוצר עי קונדיטוריית,IL,פיטנס חטיף מולטיגריי,גרמים,25.00,100 גרם,false,,4.90,0.1960,true,1,1432202
7290112965684,false,פיטנס - חטיף מולטיגריין עשבי תיבול 25 גרם,מיוצר עי קונדיטוריית,IL,פיטנס חטיף מולטיגריי,גרמים,25.00,100 גרם,false,,4.90,0.1960,true,1,1432203
7290112965707,false,פיטנס - חטיף מולטיגריין צילי מעודן 25 גרם,"אסם השקעות בע""מ",IL,פיטנס חטיף מולטיגריי,גרמים,25.00,100 גרם,false,,4.90,0.1960,true,1,1432204
7290112965745,false,אוסם - ביסלי פריסטייל בצל מעושן 60 גרם,"אסם תעשיות בע""מ",IL,ביסלי פריסטייל בצל מ,גרמים,60.00,100 גרם,false,,4.40,0.0733,true,1,1435428
7290112965783,false,אוסם - ביסלי פריסטייל על האש 60 גרם,"אסם תעשיות בע""מ",IL,ביסלי פריסטייל על הא,גרמים,60.00,100 גרם,false,,4.40,0.0733,true,1,1435429
7290112966247,false,לחמית כוסמין 200 ג' אסם,"אסם תעשיות בע""מ",IL,לחמית כוסמין 200 גרם,גרמים,200.00,100 גרם,false,,9.90,0.0495,true,1,1437073
7290112966780,false,צבר טחינה בלאדי עם חציל קלוי 350 גרם,שוורצקוף& הנקל דיסלד,IL,טחינה חציל קלוי על ה,גרמים,350.00,100 גרם,false,,14.90,0.0426,true,1,1423672
7290112967848,false,אסם ג'לי תות שדה מופחת סוכר 90 גרם,מיוצר עי קונדיטוריית,IL,אסם ג'לי תות שדה מופ,גרמים,90.00,100 גרם,false,,5.90,0.0656,true,1,1430188
7290112968340,false,צבר חומוס גרוס גס גס 400 גרם,שוורצקוף& הנקל דיסלד,IL,חומוס גרוס גס גס צבר,גרמים,400.00,100 גרם,false,,13.90,0.0348,true,1,1428651
7290112968807,false,פיטנס - קרקר דק סלק 140 גרם,מפעל אסם יקנעם,IL,פיטנס קרקר THIN סלק,גרמים,140.00,100 גרם,false,,11.90,0.0850,true,1,1435149
7290112968821,false,פיטנס - קרקר דק בטטה 140 גרם,מפעל אסם יקנעם,IL,פיטנס קרקר THIN בטטה,גרמים,140.00,100 גרם,false,,11.90,0.0850,true,1,1435150
7290113190450,false,ממרח תמרים שאן 450 גרם,"תמר העמקים בע""מ",IL,ממרח תמרים שקדיה 450,גרמים,450.00,100 גרם,false,,5.90,0.0131,true,1,1411237
7290113190467,false,אפונה שקית זיפר 1קג רמילוי,,,"אפונה ירוקה 1 ק""ג זי",גרמים,1000.00,100 גרם,false,,7.50,0.0075,true,1,1428471
7290113190474,false,בורגול שקית זיפר 1קג רמילוי,,,"בורגול 1 ק""ג זיפר -",גרמים,1000.00,100 גרם,false,,6.50,0.0065,true,1,1428472
7290113190504,false,חומוס גדול שקית זיפר 1קג רמילוי,,,"חומוס גדול 1 ק""ג זיפ",גרמים,1000.00,100 גרם,false,,11.90,0.0119,true,1,1428474
7290113190511,false,חומוס ענק שקית זיפר 1קג רמילוי,,,"חומוס ענק 1 ק""ג זיפר",גרמים,1000.00,100 גרם,false,,13.90,0.0139,true,1,1428475
7290113190535,false,כוסמת קלויה שקית זיפר 1קג רמילוי,,,"כוסמת קלויה 1 ק""ג זי",גרמים,1000.00,100 גרם,false,,8.50,0.0085,true,1,1428477
7290113190542,false,לוביה קלויה שקית זיפר 900גר רמילוי,,,לוביה 900 גרם זיפר -,גרמים,900.00,100 גרם,false,,16.90,0.0188,true,1,1428478
7290113190573,false,עדשים שחורות שקית זיפר 1קג רמילוי,,,"עדשים שחורות 1 ק""ג ז",גרמים,1000.00,100 גרם,false,,13.90,0.0139,true,1,1428467
7290113190580,false,עדשים אדומות שקית זיפר 1קג רמילוי,,,"עדשים אדומות 1 ק""ג ז",גרמים,1000.00,100 גרם,false,,10.90,0.0109,true,1,1428468
7290113192164,false,אגוזי קשיו קלופים ששון הקולה 150 ג',דין שיווק,IL,אגוזי קשיו קלופים 15,גרמים,150.00,100 גרם,false,,15.90,0.1060,true,1,1435480
7290113192171,false,מיקס אגוזים שקדים וחמוציות 150 גרם,דין שיווק,IL,מיקס אגוזים שקדים וח,גרמים,150.00,100 גרם,false,,12.90,0.0860,true,1,1435481
7290113192324,false,זיתים ירוקים ושלמים בינוניים 340 גרם,בית השיטה,IL,בית השיטה זיתים ירוק,גרמים,340.00,100 גרם,false,,10.90,0.0321,true,1,1431323
7290113192331,false,בית השיטה זיתים ירוקים גדולים 340 גרם*,בית השיטה,IL,בית השיטה זיתים ירוק,גרמים,340.00,100 גרם,false,,9.90,0.0291,true,1,1431324
7290113192355,false,חרוזית זיתים ירוקים ללא גלעין 275 ג' בית השיטה,בית השיטה,IL,חרוזית זיתים ירוקים,גרמים,275.00,100 גרם,false,,10.50,0.0382,true,1,1428404
7290113192362,false,זיתים ירוקים טבעות A2 בית השיטה 280 גרם,בית השיטה,IL,בית השיטה טבעות זיתי,גרמים,280.00,100 גרם,false,,10.90,0.0389,true,1,1431325
7290113192393,false,בית השיטה קוקטייל זיתים א2 336 גרם,בית השיטה,IL,קוקטייל זיתים בית הש,גרמים,336.00,100 גרם,false,,11.90,0.0354,true,1,1407482
7290113192478,false,בית השיטה מלפפונים במלח בינוני 10-12 320 גרם,בית השיטה,IL,מלפפונים במלח בינוני,גרמים,320.00,100 גרם,false,,8.50,0.0266,true,1,1430080
7290113192485,false,בית השיטה מלפפונים בחומץ בינוני 10-12 290 גרם,בית השיטה,IL,מלפפונים בחומץ בינונ,גרמים,290.00,100 גרם,false,,8.50,0.0293,true,1,1429475
7290113192508,false,בית השיטה מלפפונים במלח קטן 1317 320 גרם,בית השיטה,IL,מלפפונים במלח  קטן 1,גרמים,320.00,100 גרם,false,,10.90,0.0341,true,1,1429476
7290113192515,false,בית השיטה מלפפונים במלח קטן מאוד 1825 320 גרם,בית השיטה,IL,מלפפון במלח בית השיט,גרמים,320.00,100 גרם,false,,12.90,0.0403,true,1,1429474
7290113192539,false,בית השיטה מלפפונים במלח גדול 79 320 גרם,בית השיטה,IL,מלפפונים במלח גדול 7,גרמים,560.00,100 גרם,false,,6.90,0.0123,true,1,1429477
7290113192546,false,"מלפפונים בחומץ רכיבים טבעיים 7-9 ""בית השיטה""",בית השיטה,IL,בית השיטה מלפפון בחו,גרמים,560.00,100 גרם,false,,6.90,0.0123,true,1,1430082
7290113192560,false,בית השיטה פלפל שיפקה חריף כבוש 230 גרם,בית השיטה,IL,בית השיטה פלפל שיפקה,גרמים,230.00,100 גרם,false,,7.90,0.0343,true,1,1431329
7290113192577,false,בית השיטה כרוב כבוש חתוך 430 גרם,בית השיטה,IL,בית השיטה כרוב כבוש,גרמים,430.00,100 גרם,false,,7.90,0.0184,true,1,1431330
7290113193369,false,בית השיטה תרסיס שמן קנולה מזוכך 150 מל,פוד אירוסולס ספיין,ES,תרסיס שמן קנולה מזוכ,מיליליטרים,150.00,"100 מ""ל",false,,13.90,0.0927,true,1,1439751
7290113193666,false,זיתים ירוקים שלמים סדוקים במי מלח 700 ג',,,זיתים ירוקים שלמים ס,גרמים,700.00,100 גרם,false,,15.90,0.0227,true,1,1430024
7290113195264,false,ממרח פלפלים קלויים 360 גרם,דין שיווק,MK,ממרח פלפלים קלויים 3,גרמים,360.00,100 גרם,false,,11.90,0.0331,true,1,1433562
7290113195271,false,ממרח פלפלים פיקנטיים 360 גרם,דין שיווק,MK,ממרח פלפלים פיקנטיים,גרמים,360.00,100 גרם,false,,11.90,0.0331,true,1,1433563
7290113196414,false,"אורז בסמטי 1 ק""ג כחול מטאלי שקדיה",דאבה סינג שאם סינג,IN,אורז בסמטי הודי מובח,גרמים,1000.00,100 גרם,false,,11.90,0.0119,true,1,1436938
7290113196506,false,פריכיות כוסמת ללא מלח שקדיה 150 ג',זנבר המכללה לטבעונות,IL,פריכיות כוסמת ללא מל,גרמים,150.00,100 גרם,false,,11.90,0.0793,true,1,1437583
7290113196513,false,פריכיות כוסמת בתוספת שקדים שקדיה 150 ג',זנבר המכללה לטבעונות,IL,פריכיות כוסמת בתוספת,גרמים,150.00,100 גרם,false,,11.90,0.0793,true,1,1437584
7290113196520,false,פריכיות כוסמין ללא מלח שקדיה 150 ג',זנבר המכללה לטבעונות,IL,פריכיות כוסמין ללא מ,גרמים,150.00,100 גרם,false,,11.90,0.0793,true,1,1437585
7290113196896,false,תרסיס שמן זית 170 ג' שקדיה,שקדיה,IL,תרסיס שמן זית שקדיה,מיליליטרים,170.00,"100 מ""ל",false,,14.90,0.0876,true,1,1437586
7290113197152,false,לבבות דקל שלם בצנצנת,שקדיה,IL,לבבות דקל במי מלח 41,גרמים,410.00,100 גרם,false,,13.90,0.0339,true,1,1436940
7290113288485,false,כוסות נייר שתיה חמה,,,כוסות נייר שתיה חמה,יחידה,50.00,יחידה,false,,11.90,0.2380,true,1,1438500
7290113317130,false,מארז שלישיית ביצי שוקולד ברבי,שמחה זה אנחנו,IT,שלישיית ביצי שוקולד,יחידה,3.00,יחידה,false,,15.90,5.3000,true,1,1414811
7290113450783,false,פיני לקריץ חתוך אדום,,,פיני לקריץ חתוך אדום,גרמים,500.00,100 גרם,false,,19.90,0.0398,true,1,1436855
7290113450981,false,פיני מרשמלו גולף בצו,,,פיני מרשמלו גולף בצו,גרמים,500.00,100 גרם,false,,19.90,0.0398,true,1,1429748
7290113453166,false,סוכריות גומי שקדיה ב,טופגאם תעשיות ממתקים,IL,בקבוק קולה קטן מוברק,גרמים,400.00,100 גרם,false,,11.90,0.0298,true,1,1437589
7290113470286,false,מגבונים לניקוי כללי,,,מגבונים לניקוי כללי,יחידה,400.00,יחידה,false,,20.90,0.0522,true,1,1429276
7290113470941,false,כפפות ניטרל S שחור(100 יחידות ),,,כפפות ניטריל S שחור,יחידה,100.00,יחידה,false,,25.90,0.2590,true,1,1428453
7290113471573,false,סבון אסלה כחול אקטיבי רמילוי,,,סבון אסלה כחול אקטיב,יחידה,1.00,יחידה,false,,10.90,10.9000,true,1,1432972
7290113471580,false,סבון אסלה לימון רמילוי,,,סבון אסלה לימון רמי,יחידה,1.00,יחידה,false,,10.90,10.9000,true,1,1429848
7290113472075,false,שום ארוז יבוא,,,שום ארוז יבוא,מארז,1.00,מארז,false,,7.90,7.9000,true,1,1428732
7290113472105,false,כוסות שתיה חמה כשלפ,,,כוסות נייר שתיה חמה,יחידה,50.00,יחידה,false,,11.90,0.2380,true,1,1428806
7290113476295,false,50 להבונים בשקית,,,50 להבונים בשקית,יחידה,50.00,יחידה,false,,10.90,0.2180,true,1,1433250
7290113476301,false,נר נשמה 24 שעות,,,נר נשמה 24 שעות,יחידה,1.00,יחידה,false,,1.90,1.9000,true,1,1433247
7290113476325,false,נר נשמה שבועי,,,נר נשמה שבועי,יחידה,1.00,יחידה,false,,9.60,9.6000,true,1,1433249
7290113479708,false,גליל נייר מגבת מודפס איכותי למטבח,,,נייר מגבת למטבח (235,יחידה,235.00,יחידה,false,,16.90,0.0719,true,1,1435120
7290113594326,false,סוכריה על מקל 85 גרם בדיספליי - סווירל צבעוני LOL,Unknown,,סוכריה על מקל 85 גרם,גרמים,85.00,100 גרם,false,,6.90,0.0812,true,1,1435246
7290113627451,false,חמוציות ברכז תפוחים,,,חמוציות ברכז תפוחים,גרמים,230.00,100 גרם,false,,14.90,0.0648,true,1,1433764
7290113660106,false,מארז 50 כוסות אמנון ותמר,כוסות שתייה חמה 3 ב,,כוסות נייר שתיה חמה,יחידה,50.00,יחידה,false,,11.90,0.2380,true,1,1415793
7290114310338,false,"צפתית מעודנת 5% ""משק צוריאל"" 2250 גרם",מחלבת משק צוריאל,IL,גבינה צפתית מעודנת 5,גרמים,225.00,100 גרם,false,,17.90,0.0796,true,1,1434560
7290114310901,false,"גבינה לבנה ""טרה"" 5% -מוצר בפיקוח",Unknown,IL,גבינה לבנה 5% טרה 25,גרמים,250.00,100 גרם,false,,4.98,0.0199,true,1,1436927
7290114311038,false,שמנת מתוקה עמידה 32% 250מל בקבוק,מילקו,IL,שמנת מתוקה 32% טרה 2,גרמים,250.00,100 גרם,false,,6.90,0.0276,true,1,1439529
7290114311076,false,"חמאת מולר צהובה עם שום, 200 גרם",מולר Muller,IL,חמאה מולר צהובה עם ש,גרמים,200.00,100 גרם,false,,12.90,0.0645,true,1,1440339
7290114604925,false,מאסטר שף קרם קוקוס לייט 400 גרם,"תאי קוקונאט חברה בע""",TH,מאסטר שף קרם קוקוס ל,מיליליטרים,400.00,"100 מ""ל",false,,9.90,0.0248,true,1,1437794
7290114608640,false,קרוטונים לסלט כוסמין מאסטר שף 260 גרם,עינת תעשיות מזון אגו,IL,קרוטונים אפויים לסלט,גרמים,260.00,100 גרם,false,,19.90,0.0765,true,1,1436952
7290115071481,false,6 מטבעות שוקולד באריזת רשת 31 גר LOL,שמחה זה אנחנו,NL,מטבעות שוקולד ברשת 3,גרמים,31.00,100 גרם,false,,3.90,0.1258,true,1,1434199
7290115071498,false,מטבעות שוקולד ברשת פי גיי 31 גר,Unknown,NL,מטבעות שוקולד ברשת 3,גרמים,31.00,100 גרם,false,,3.90,0.1258,true,1,1434200
7290115071504,false,6 מטבעות שוקולד באריזת רשת 31 גר סמי הכב,שמחה זה אנחנו,NL,מטבעות שוקולד ברשת 3,גרמים,31.00,100 גרם,false,,3.90,0.1258,true,1,1434201
7290115071535,false,מטבעות שוקולד ברשת מפרץ הרפתקאות 31 גר,,NL,מטבעות שוקולד ברשת 3,גרמים,31.00,100 גרם,false,,3.90,0.1258,true,1,1434204
7290115072167,false,לבבות שוקולד 3 יח באריזת לב מהודרת 24 גר',,CN,לבבות שוקולד 3 יח בא,יחידה,3.00,יחידה,false,,7.90,2.6333,true,1,1435270
7290115072945,false,מקל מוזיקה בצורת כוכב בארבי עם סוכריות 5גר' 12/6,,CN,מקל מוזיקה בצורת כוכ,גרמים,5.00,100 גרם,false,,15.90,3.1800,true,1,1437816
7290115075182,false,6 מטבעות שוקולד באריזת רשת 31 גר חד קרן,שמחה זה אנחנו,NL,מטבעות שוקולד ברשת 3,גרמים,31.00,100 גרם,false,,3.90,0.1258,true,1,1434205
7290115075199,false,מטבעות שוקולד ברשת ליגת הצגק 31 גר,Unknown,NL,מטבעות שוקולד ברשת ל,גרמים,31.00,100 גרם,false,,3.90,0.1258,true,1,1439335
7290115075878,false,גביע וופל ממולא קרם שוקולד 25 גר(12 יח),שמחה זה אנחנו,TR,גביע וופל ממולא קרם,גרמים,25.00,100 גרם,false,,5.00,0.2000,true,1,1438608
7290115201031,false,אסם פתי בר דובי שוקולד 175 גרם,טרופיקל דגיל תעשיות,PL,אסם פתי בר דובוני שו,גרמים,175.00,100 גרם,false,,9.90,0.0566,true,1,1434711
7290115201451,false,טבעול גורמה לביבות בטטה קארי 455 גרם,טבעול (מקבוצת אסם הש,IL,טבעול גורמה לביבות ב,גרמים,455.00,100 גרם,false,,29.90,0.0657,true,1,1440043
7290115201475,false,טבעול גורמה לביבות כרישה 434 גרם,טבעול (מקבוצת אסם הש,IL,טבעול גורמה לביבות כ,גרמים,434.00,100 גרם,false,,29.90,0.0689,true,1,1440044
7290115201703,false,ביסלי בטעם ברביקיו 200 ג' אסם,מיוצר עי קונדיטוריית,IL,ביסלי ברביקיו 200 גר,גרמים,200.00,100 גרם,false,,7.90,0.0395,true,1,1433106
7290115201727,false,ביסלי חטיף בטעם בצל אסם 200 גרם,מיוצר עי קונדיטוריית,IL,ביסלי בצל 200 גרם,גרמים,200.00,100 גרם,false,,7.90,0.0395,true,1,1433107
7290115202434,false,צבר סלט חומוס עם זעתר 375 גרם,ג'נרל מילס סאן אדריא,IL,חומוס עם זעתר צבר 37,גרמים,375.00,100 גרם,false,,11.90,0.0317,true,1,1434883
7290115202977,false,אוסם - מנה חמה רייס נודלס רוטב סויה סיני 55 גרם,מיוצר עי קונדיטוריית,TH,מנה חמה רייס נודלס ר,גרמים,55.00,100 גרם,false,,6.90,0.1255,true,1,1437669
7290115203134,false,פופקו פופקורן במבה אסם 80 גרם,"אסם תעשיות בע""מ",IL,פופקו פופקורן במבה 8,גרמים,80.00,100 גרם,false,,5.40,0.0675,true,1,1435433
7290115203172,false,במבה PRO מכיל 18 גרם חלבון בשקית,"אסם תעשיות בע""מ",IL,במבה פרו 80 גרם,גרמים,80.00,100 גרם,false,,4.90,0.0613,true,1,1441172
7290115203486,false,אסם פירורית בטעם ביסלי גריל 200 גרם,עינת תעשיות מזון אגו,IL,פירורית בטעם ביסלי ג,גרמים,200.00,100 גרם,false,,6.40,0.0320,true,1,1435199
7290115203806,false,"רוטב בסיס לבישול אסם 290 מ""ל","אסם תעשיות בע""מ",IL,"רוטב בסיס אסם 290 מ""",מיליליטרים,290.00,"100 מ""ל",false,,11.90,0.0410,true,1,1437272
7290115204056,false,אסם קטשופ מופחת סוכר כלפ 690 גרם,"אסם תעשיות בע""מ",IL,קטשופ מופחת סוכר ללא,גרמים,690.00,100 גרם,false,,10.90,0.0158,true,1,1434303
7290115204131,false,צבר סחוג ירוק 6*190גרם חדש,צבר,IL,סחוג ירוק צבר 190 גר,גרמים,190.00,100 גרם,false,,12.90,0.0679,true,1,1438544
7290115204186,false,פסטו המעדינה של צבר,צבר,IL,פסטו צבר 190 גרם,גרמים,190.00,100 גרם,false,,15.90,0.0837,true,1,1438546
7290115205176,false,פיטנס - קרקר דק כפרי פיטנס 140 גרם,נסטלה Nestle,IL,פיטנס חטיפי קרקר טינ,גרמים,140.00,100 גרם,false,,11.90,0.0850,true,1,1438617
7290115205312,false,קרקר פיטנס דק עם זיתי קלמטה ועשבי תיבול,"אסם השקעות בע""מ",IL,פיטנס קרקר Thin Deli,גרמים,140.00,100 גרם,false,,11.90,0.0850,true,1,1439757
7290115205527,false,פיטנס חטיף מולטגריין עם עדשים 24*25גרם,פיטנס,IL,פיטנס חטיף מולטגריין,גרמים,25.00,100 גרם,false,,4.90,0.1960,true,1,1440399
7290115205541,false,חטיף פיטנס מולטיגריין עם חומוס 25 גרם,"אסם השקעות בע""מ",IL,פיטנס חטיף מולטיגריי,גרמים,25.00,100 גרם,false,,4.90,0.1960,true,1,1440400
7290115205978,false,פתיבר ואצבעות שוקולד 180 גרם - רבנות,"ד""ר ג'רארד בע""מ",PL,פתי בר אצבעות שוקולד,גרמים,180.00,100 גרם,false,,11.90,0.0661,true,1,1439029
7290115207507,false,"סלט טורקי 330 גרם ""צבר""",ג'נרל מילס סאן אדריא,IL,סלט טורקי צבר 360 גר,גרמים,360.00,100 גרם,false,,15.90,0.0442,true,1,1438557
7290115207620,false,"רוטב בסגנון סויה קלאסי 290 מ""ל אסם","אסם תעשיות בע""מ",IL,רוטב בסגנון סויה קלא,מיליליטרים,290.00,"100 מ""ל",false,,11.90,0.0410,true,1,1440047
7290115207682,false,"אסם רוטב בסגנון סויה סיני 290 מ""ל","אסם תעשיות בע""מ",IL,רוטב בסגנון סויה סינ,מיליליטרים,290.00,"100 מ""ל",false,,10.90,0.0376,true,1,1440048
7290115207965,false,ויטמינצ'יק תרכיז מנגו אפרסק 1 ליטר,בית-השיטה עסיס תעשיו,IL,ויטמינצ'יק מנגו אפרס,מיליליטרים,1000.00,"100 מ""ל",false,,21.90,0.0219,true,1,1438859
7290115207989,false,ויטמינצ'יק תרכיז לימון 1 ליטר,בית-השיטה עסיס תעשיו,IL,ויטמינצ'יק לימון 1 ל,מיליליטרים,1000.00,"100 מ""ל",false,,21.90,0.0219,true,1,1438860
7290115208009,false,ויטמינצ'יק תרכיז ענבים 1 ליטר,בית-השיטה עסיס תעשיו,IL,ויטמינצ'יק ענבים 1 ל,מיליליטרים,1000.00,"100 מ""ל",false,,21.90,0.0219,true,1,1438861
7290115208047,false,ויטמינצ'יק תרכיז פטל 1 ליטר,בית-השיטה עסיס תעשיו,IL,ויטמינצ'יק פטל 1 ליט,מיליליטרים,1000.00,"100 מ""ל",false,,21.90,0.0219,true,1,1438862
7290115208320,false,אפרופו חטיף בטעם ביסלי בצל 50 גרם,"אסם תעשיות בע""מ",IL,אפרופו בטעם ביסלי בצ,גרמים,50.00,100 גרם,false,,4.90,0.0980,true,1,1441866
7290115208566,false,אסם קרמוגית מיניס קרם בייגלה 200 גר,אסם,IL,קרמוגית מיניס קרם בי,גרמים,200.00,100 גרם,false,,10.90,0.0545,true,1,1440537
7290115208801,false,לחמית דבש ואגוזים אסם 190 גרם,Unknown,IL,לחמית דבש ואגוזים 19,גרמים,190.00,100 גרם,false,,9.90,0.0521,true,1,1441176
7290115209174,false,במבה אורירית קלאסי 60 גר',אסם השקעות בעמ,IL,במבה אורירית אסם 60,גרמים,60.00,100 גרם,false,,4.30,0.0717,true,1,1440401
7290115209235,false,ביסקוויט פתי בר קפה אסם 500 גרם,"אסם תעשיות בע""מ",IL,פתי בר קפה אסם 500 ג,גרמים,500.00,100 גרם,false,,12.90,0.0258,true,1,1441495
7290115209358,false,במבה במילוי בראוניז אסם 60 גרם,"אסם תעשיות בע""מ",IL,במבה במילוי בראוניז,גרמים,60.00,100 גרם,false,,4.90,0.0817,true,1,1441868
7290115209372,false,במבה במילוי בראוניז 150ג' אסם,"אסם תעשיות בע""מ",IL,במבה במילוי בראוניז,גרמים,150.00,100 גרם,false,,10.90,0.0727,true,1,1441869
7290115400861,false,עוגיות מעמול רמי לוי 500 גרם,,,עוגיות מעמול תמר רמי,גרמים,500.00,100 גרם,false,,14.90,0.0298,true,1,1440000
7290115400878,false,עוגיות ממולאות טעם שוקולד רמי לוי 500 גרם,,,עוגיות ממולאות בטעם,גרמים,500.00,100 גרם,false,,14.90,0.0298,true,1,1440001
7290115400885,false,עוגיות עינוגי שוקולד רמי לוי 500 גרם,,,עוגיות עינוגי שוקולד,גרמים,500.00,100 גרם,false,,14.90,0.0298,true,1,1440002
7290115400908,false,עוגיות מגולגלות תמרים רמי לוי 500 גרם,,,עוגיות מגולגלות תמרי,גרמים,500.00,100 גרם,false,,14.90,0.0298,true,1,1440003
7290115401097,false,עוגיות נסיכה טעם תות רמי לוי 500 גרם,,,עוגיות נסיכה בטעם תו,גרמים,500.00,100 גרם,false,,14.90,0.0298,true,1,1440004
7290115401158,false,עוגיות מלוחות קריספי רמי לוי 500 גרם,,,עוגיוים מלוחות קריספ,גרמים,500.00,100 גרם,false,,14.90,0.0298,true,1,1440007
7290115401196,false,עוגיות קוואקר פריכות רמי לוי 500 גרם,,,עוגיות קוואקר פריכות,גרמים,500.00,100 גרם,false,,14.90,0.0298,true,1,1440009
7290115406467,false,עוגת דבש מהודרת רמי,,,עוגת דבש מהודרת רמי,גרמים,450.00,100 גרם,false,,14.90,0.0331,true,1,1441664
7290115410877,false,סלט כרוב אדום במיונז,,,סלט כרוב אדום במיונז,גרמים,400.00,100 גרם,false,,10.90,0.0273,true,1,1433688
7290115410891,false,חומוס מסבחה 400ג רמילוי,,,חומוס מסבחה רמי לוי,גרמים,400.00,100 גרם,false,,10.90,0.0273,true,1,1433690
7290115410907,false,מטבוחה רמי לוי 400 ג,,,מטבוחה רמי לוי 400 ג,גרמים,400.00,100 גרם,false,,10.90,0.0273,true,1,1433691
7290115410921,false,חומוס ירושלמי 400ג רמילוי,,,חומוס ירושלמי רמי לו,גרמים,400.00,100 גרם,false,,10.90,0.0273,true,1,1433693
7290115410938,false,טחינה רמי לוי 400 גר,,,טחינה רמי לוי 400 גר,גרמים,400.00,100 גרם,false,,10.90,0.0273,true,1,1433694
7290115410945,false,חומוס זעתר 400ג רמילוי,,,חומוס זעתר רמי לוי 4,גרמים,400.00,100 גרם,false,,10.90,0.0273,true,1,1433695
7290115410952,false,חציל במיונז 400ג רמילוי,,,חציל במיונז רמי לוי,גרמים,400.00,100 גרם,false,,10.90,0.0273,true,1,1433696
7290115410969,false,חומוס לפיתה 700ג רמילוי,,,סלט חומוס לפיתה רמי,גרמים,700.00,100 גרם,false,,10.90,0.0156,true,1,1433697
7290115671155,false,שלישיית סוכריות FRESH ענבים 45 ג' בזוקה,הליקון גידה,TR,שלישיית סוכריות פרש,גרמים,45.00,100 גרם,false,,8.90,0.1978,true,1,1438592
7290115671223,false,מסטיק מאסט פאן בצנצנת אבטיח מנגו,אסקום קונפקשיין,DE,מאסט פאן אבטיח מנגו,גרמים,58.00,100 גרם,false,,9.90,0.1707,true,1,1438593
7290115671308,false,מסטיק מאסט פאן בצנצנת תות דובדבן,אסקום קונפשטיין,DE,תות דובדבן מאסט פאן,גרמים,58.00,100 גרם,false,,9.90,0.1707,true,1,1438594
7290115671339,false,מיני פינוקיות בראוניז בייגל בוטן עלית 180 ג' עלית,הגביע מוצרי ופלים בע,IL,מיני פינוקיות בראוני,גרמים,180.00,100 גרם,false,,10.90,0.0606,true,1,1437026
7290115671346,false,מיני פינוקיות טופי קרמל מלוח 180 ג' עלית,הגביע מוצרי ופלים בע,IL,מיני פינוקיות טופי ק,גרמים,180.00,100 גרם,false,,10.90,0.0606,true,1,1437027
7290115671353,false,מיני פינוקיות עוגיות קקאו במילוי קרם בטעם וניל,הגביע,IL,מיני פינוקיות שחור ל,גרמים,180.00,100 גרם,false,,10.90,0.0606,true,1,1438595
7290115675559,false,מארז קפה טורקי לדרך 10 יחידות,שטראוס קפה בי.וי.,IL,מארז טורקי לדרך 70 ג,גרמים,70.00,100 גרם,false,,7.90,0.1129,true,1,1438797
7290115678376,false,מעדן הגולן שוקולד 125 גרם,מיוצר עי קונדיטוריית,IL,מעדן הגולן שוקולד 12,גרמים,125.00,100 גרם,false,,2.90,0.0232,true,1,1437011
7290116052717,false,כפית שקוף רמי לוי 40,,,כפית שקוף רמי לוי 40,100 יחידה,40.00,100 יחידה,false,,7.90,0.1975,true,1,1440801
7290116053561,false,מספריים רב שימושיות,,,מספריים רב שימושיות,יחידה,1.00,יחידה,false,,16.90,16.9000,true,1,1441755
7290116055664,false,כוסות שתיה חמה 40 יחידות,,,כוס חם 10 רמי לוי,יחידה,40.00,יחידה,false,,17.90,0.4475,true,1,1439701
7290116056302,false,צלחת 9' לבן (50 יח') בסט וליו,,,צלחת 9 לבן 50 יחידות,יחידה,1.00,יחידה,false,,21.90,21.9000,true,1,1439632
7290116242408,false,מיני פופ סוכריה על מקל עם כדור 8 גר' ריינבוקורן,Unknown,,מיני פופ סוכריה על מ,גרמים,8.00,100 גרם,false,,10.90,1.3625,true,1,1439336
7290116247045,false,LOLשוקולד חלב על מקל 30 גרם כוח פי גיי,שמחה זה אנחנו,TR,שוקולד חלב לול 30 גר,גרמים,30.00,100 גרם,false,,5.90,0.1967,true,1,1439337
7290116247052,false,שוקולד חלב על מקל 30 גרם-ריינבוקורן,שמחה זה אנחנו,TR,שוקולד חלב ריינבוקור,גרמים,30.00,100 גרם,false,,5.90,0.1967,true,1,1439338
7290116247076,false,שוקולד חלב על מקל 30 גרם-סמי הכבאי,שמחה זה אנחנו,TR,שוקולד חלב סמי הכבאי,גרמים,30.00,100 גרם,false,,5.90,0.1967,true,1,1439340
7290116247083,false,שוקולד חלב מפרץ ההרפ,Unknown,,שוקולד חלב מפרץ ההרפ,גרמים,30.00,100 גרם,false,,5.90,0.1967,true,1,1439341
7290116530185,false,"קורנפלקס דלישקד קרמל מלוח 400 גרם בד""ץ",יוניליוור שפע ישראל,IL,דלישקד 400 גרם תלמה,גרמים,400.00,100 גרם,false,,20.90,0.0522,true,1,1437496
7290116530871,false,מיקס נשנושים 240 ג' בייגל בייגל,בייגל בייגל BB,IL,נשנושים מיקס 240 גרם,גרמים,240.00,100 גרם,false,,11.90,0.0496,true,1,1440250
7290116531090,false,דג-דג חטיף אפוי במליחות מעודנת 250 גרם,בייגל את בייגל מזון,IL,דגדג חטיף אפוי במליח,גרמים,250.00,100 גרם,false,,9.90,0.0396,true,1,1438963
7290116531496,false,קינמונים דגנים פריכים מצופים 375 גרם,נאוג'אזיס נווזיס UAB,LT,קינמונים דגני בוקר,גרמים,375.00,100 גרם,false,,20.90,0.0557,true,1,1440253
7290116531915,false,חטיפי דג דג בטעם פתי,"דרך השוקולד 1, צפת 1",IL,דגדג בטעם פתי בר 235,גרמים,235.00,100 גרם,false,,9.90,0.0421,true,1,1438964
7290116532219,false,קורנפלקס תות 448 גרם תלמה רבנות,אתר שפע - Food,IL,קורנפלקס תות דגני בו,גרמים,448.00,100 גרם,false,,17.90,0.0400,true,1,1440254
7290116910871,false,ממתק ספריי משרוקית 8,Unknown,,ממתק ספריי משרוקית 8,יחידה,1.00,יחידה,false,,6.90,6.9000,true,1,1440750
7290116914466,false,מארז סוכריות על מקל 12 גרם בטעמי פירות בארבי 50 יח',Unknown,,מארז סוכריות על מקל,גרמים,600.00,גרם,false,,24.90,0.0415,true,1,1440753
7290116914497,false,מארז סוכריות על מקל 12 גרם בטעמי פירות ליגת הצדק 50 יח',Unknown,,מארז סוכריות על מקל,גרמים,600.00,גרם,false,,24.90,0.0415,true,1,1440756
7290116930282,false,ארוחה בקטנה לאבנה עם קרקרים 150ג' תנובה,תנובה חלב,IL,ארוחה בקטנה לאבנה עם,גרמים,150.00,100 גרם,false,,8.50,0.0567,true,1,1441083
7290116930459,false,"יופלה שייק מנגו בננה אננס וקוקוס 230 מ""ל",קבוצת המזון אקטשלאר,IL,יופלה שייק בננה אננ,מיליליטרים,230.00,"100 מ""ל",false,,7.90,0.0343,true,1,1440467
7290116930466,false,"משקה SHAKE בננה מנגן פסיפלורה והל 230 מ""ל יופלה",קבוצת המזון אקטשלאר,IL,יופלה שייק מנגו בננ,מיליליטרים,230.00,"100 מ""ל",false,,7.90,0.0343,true,1,1440468
7290116930480,false,"משקה SHAKE בננה קיווי תפוח 230 מ""ל יופלה",קבוצת המזון אקטשלאר,IL,יופלה שייק בננה קיו,מיליליטרים,230.00,"100 מ""ל",false,,7.90,0.0343,true,1,1440469
7290116930626,false,ארוחה בקטנה ציזיקי עם קרקרים 150ג' תנובה,תנובה חלב,IL,ארוחה בקטנה ציזיקי ע,גרמים,150.00,100 גרם,false,,8.50,0.0567,true,1,1441084
7290116930657,false,משקה חלב גו בטעם בננה תמר עם ש. שועל 340,תנובה מרכז שיתופי לש,IL,משקה חלב גו בננה תמר,גרמים,340.00,100 גרם,false,,7.90,0.0232,true,1,1441877
7290116930701,false,מעדן חלב GO מועשר בחלבון בטעם קרמל מלוח,תנובה מרכז שיתופי לש,IL,מעדן חלב גו בטעם קרמ,גרמים,120.00,100 גרם,false,,4.90,0.0408,true,1,1440475
7290116930718,false,מעדן תנובה דיאט בטעם שוקולד וקרמל מלוח 0% 150ג' תנובה,"תנובה בע""מ",IL,מעדן תנובה דיאט בטעם,גרמים,150.00,100 גרם,false,,4.00,0.0267,true,1,1440566
7290116930725,false,סויה BIO קוקוס גביע 150 גרם אלטרנטיב,תנובה חלב,IL,מעדן סויה ביו קוקוס,גרמים,150.00,100 גרם,false,,4.80,0.0320,true,1,1441085
7290116931081,false,מעדן סויה - טופי קרמל 125 גרם אלטרנטיב,תנובה מרכז שיתופי לש,IL,מעדן סויה בטעם טופי,גרמים,125.00,100 גרם,false,,4.20,0.0336,true,1,1441086
7290116931104,false,יופלה גו במרקם סמיך עם אננס 0% שומן 200ג',תנובה חלב,IL,יופלה גו במרקם סמיך,גרמים,200.00,100 גרם,false,,5.90,0.0295,true,1,1441087
7290117260173,false,"קמח חיטה רב תכליתי 1 ק""ג",וילי פוד,,קמח חיטה רב תכליתי ו,קילוגרמים,1.00,"ק""ג",false,,7.90,7.9000,true,1,1439279
7290117260227,false,קפה טורקי אמיתי מטורקיה 100 גרם,,,קפה טורקי קלוי מטורק,גרמים,100.00,100 גרם,false,,6.90,0.0690,true,1,1438719
7290117260456,false,גבינה בולגרית מעודנת למריחה עם זיתים 5% שומן 200 ג' יורו,"חת""ס",IL,בולגרית מעודנת למריח,גרמים,200.00,100 גרם,false,,11.90,0.0595,true,1,1439719
7290117260470,false,גבינה בולגרית מעודנת למריחה עם שום 5% שומן 200 ג' יורו,"חת""ס",IL,בולגרית מעודנת למריח,גרמים,200.00,100 גרם,false,,11.90,0.0595,true,1,1439721
7290117260562,false,חמאה כפרית מסורתית בגביע,וילי פוד,TR,חמאה בגביע ויליפוד 2,גרמים,125.00,100 גרם,false,,17.90,0.1432,true,1,1442807
7290117260685,false,תן בו וניל ציפויים בטעמים שונים 230 גרם,אלויראסמינדה,DK,תן בו בטעם וניל בציפ,גרמים,230.00,100 גרם,false,,19.90,0.0865,true,1,1438417
7290117260890,false,פופקורן בציפוי בטעם קוקוס 90 גרם,אלאלסי,UA,פופקורן בטעם קוקוס ו,גרמים,90.00,100 גרם,false,,6.90,0.0767,true,1,1439018
7290117260906,false,פופקורן בציפוי בטעם פירות 90 גרם,אלאלסי,UA,פופקורן בטעם פירות ו,גרמים,90.00,100 גרם,false,,6.90,0.0767,true,1,1439019
7290117260944,false,מיני גריסיני עם שמן זית ללא גלוטן 125 גרם ויליפוד,מודיאה אס.אר.אל,IT,מיני גריסיני עם שמן,גרמים,125.00,100 גרם,false,,9.90,0.0792,true,1,1439713
7290117261354,false,גבינת ריקוטה 200 גרם 5%שומן מחלבת אירופה,באלבן גידה סנאי,TR,גבינת ריקוטה יורו 20,גרמים,200.00,100 גרם,false,,10.90,0.0545,true,1,1441527
7290117261514,false,סלמון אטלנטי בשמן קנולה ולימון 120 גרם,קריות זול,LV,סלמון אטלנטי בשמן קנ,גרמים,120.00,100 גרם,false,,10.90,0.0908,true,1,1441295
7290117261538,false,סלמון אטלנטי בשמן קנולה וצ'ילי 120 גרם,קריות זול,LV,סלמון אטלנטי בשמן קנ,גרמים,120.00,100 גרם,false,,10.90,0.0908,true,1,1441297
7290117261569,false,סלמון אטלנטי מעושן קנולה וילי פוד 120 גר,קריות זול,LV,סלמון אטלנטי מעושן ב,גרמים,120.00,100 גרם,false,,10.90,0.0908,true,1,1441298
7290117261576,false,סרדינים בריסלינג מעושנים ברוטב עגבניות 129 גרם,קריות זול,LV,סרדינים בריסלינג מעו,גרמים,185.00,100 גרם,false,,13.90,0.0751,true,1,1441659
7290117261583,false,סרדינים בריסלינג מעושנים בשמן קנולה 129 גרם (צנצנת),קריות זול,LV,סרדינים בריסלינג מעו,גרמים,185.00,100 גרם,false,,13.90,0.0751,true,1,1441660
7290117261613,false,מגורדת טבעונית בטעם טבעי 200 גרם,קוליוס,GR,מגורדת טבעונית בטעם,גרמים,200.00,100 גרם,false,,17.90,0.0895,true,1,1441563
7290117261620,false,פרוסות צהובה בטעם מעושן טבעוני 140 גרם,קוליוס,GR,פרוסות צהובה טבעונית,גרמים,140.00,100 גרם,false,,17.90,0.1279,true,1,1441564
7290117261927,false,גבינת פקורינו מחלב כבשים צאנק 150 גרם,אל פסטור,ES,גבינת פקורינו מחלב כ,גרמים,150.00,100 גרם,false,,21.90,0.1460,true,1,1441300
7290117262030,false,וופל במילוי בטעם שוקולד-תפוזים 200 גר' ויליפוד,,GR,וופל במילוי קרם בטעם,גרמים,200.00,100 גרם,false,,14.90,0.0745,true,1,1440585
7290117262047,false,וופל במילוי בטעם בננה ושוקולד 200 גר' ויליפוד,,GR,וופל במילוי בטעם בננ,גרמים,200.00,100 גרם,false,,14.90,0.0745,true,1,1440586
7290117262054,false,וופל במילוי עם שוקולד שוויצרי 200 גר' ויליפוד,,GR,וופל במילוי עם שוקול,גרמים,200.00,100 גרם,false,,14.90,0.0745,true,1,1440587
7290117380178,false,סוויט פוף חטיף מצופה שוקולד חלב,"טחנת האבן תעשיות בע""",IL,סוויט פוף שוקולד חלב,גרמים,50.00,100 גרם,false,,4.50,0.0900,true,1,1440124
7290117380185,false,סוויט פוף חטיף מצופה שוקולד חלב ולבן,"טחנת האבן תעשיות בע""",IL,סוויט פוף שוקולד חלב,גרמים,50.00,100 גרם,false,,4.50,0.0900,true,1,1440125
7290117900932,false,גרעיני אבטיח קלויים,"שקדיה גבע תעשיות בע""",IL,גרעיני אבטיח קלויים,גרמים,130.00,100 גרם,false,,10.90,0.0838,true,1,1440635
7290117900956,false,תערובת פיצוחים קלויים 180 גרם,"שקדיה גבע תעשיות בע""",IL,תערובת פיצוחים קלויי,גרמים,180.00,100 גרם,false,,15.90,0.0883,true,1,1440637
7290117900963,false,בוטנים קלויים ששון ה,"שקדיה גבע תעשיות בע""",IL,בוטנים קלויים ששון ה,גרמים,270.00,100 גרם,false,,10.90,0.0404,true,1,1440638
7290117900970,false,שקדים קלויים ששון הק,"שקדיה גבע תעשיות בע""",IL,שקדים קלויים ששון הק,גרמים,180.00,100 גרם,false,,15.90,0.0883,true,1,1440639
7290117900987,false,אגוזי פקאן קלוף 140 גרם,"שקדיה גבע תעשיות בע""",IL,אגוז פקאן קלוף ששון,גרמים,140.00,100 גרם,false,,15.90,0.1136,true,1,1440640
7290117900994,false,פקאן סיני מסוכר 140 גרם,"שקדיה גבע תעשיות בע""",IL,פקאן סיני מסוכר ששון,גרמים,140.00,100 גרם,false,,15.90,0.1136,true,1,1440641
7290117901007,false,פיסטוקים קלויים 130 גרם,"שקדיה גבע תעשיות בע""",IL,פיסטוקים קלויים ששון,גרמים,130.00,100 גרם,false,,15.90,0.1223,true,1,1440642
7290117901014,false,קשיו קלוי ששון הקולה,"שקדיה גבע תעשיות בע""",IL,קשיו קלוי ששון הקולה,גרמים,160.00,100 גרם,false,,15.90,0.0994,true,1,1440643
7290117901021,false,קבוקים בוטנים מצופים עם שומשום 220 גרם,"שקדיה גבע תעשיות בע""",IL,קבוקים בוטנים מצופים,גרמים,220.00,100 גרם,false,,10.90,0.0495,true,1,1440644
7290117901038,false,אגוזי מלך קלופים 190 גרם,"שקדיה גבע תעשיות בע""",IL,אגוזי מלך קלופים ששו,גרמים,190.00,100 גרם,false,,15.90,0.0837,true,1,1440645
7290117901045,false,בוטן רביולי ששון הקו,"שקדיה גבע תעשיות בע""",IL,בוטן רביולי ששון הקו,גרמים,200.00,100 גרם,false,,15.90,0.0795,true,1,1440646
7290117901052,false,שקדים קלופים ששון הק,"שקדיה גבע תעשיות בע""",IL,שקדים קלופים ששון הק,גרמים,180.00,100 גרם,false,,15.90,0.0883,true,1,1440647
7290118072508,false,"מחבת ווד אדישן מקצועית 20 ס""מ שחור",,,מחבת ווד אדישן מקצוע,יחידה,1.00,יחידה,false,,59.90,59.9000,true,1,1441788
7290118072515,false,"מחבת ווד אדישן מקצועית 24 ס""מ שחור",,,מחבת ווד אדישן מקצוע,יחידה,1.00,יחידה,false,,69.90,69.9000,true,1,1441789
7290118072522,false,"מחבת ווד אדישן מקצועית 28 ס""מ שחור",,,מחבת ווד אדישן מקצוע,יחידה,1.00,יחידה,false,,79.90,79.9000,true,1,1441790
7290118073529,false,קופסת אחסון HAPPI LOCK פלסטיק 2.2 ליטר,,,קופסת אחסון פלסטיק 2,יחידה,1.00,יחידה,false,,29.90,29.9000,true,1,1441759
7290118073536,false,קופסת אחסון HAPPI LOCK פלסטיק 1.35 ליטר,,,קופסת אחסון פלסטיק 1,יחידה,1.00,יחידה,false,,24.90,24.9000,true,1,1441760
7290118073659,false,"סט סכו""ם יוקרתי 24 חלקים כסף מבריק",,,"סט סכו""ם יוקרתי 24 ח",יחידה,1.00,יחידה,false,,59.90,59.9000,true,1,1441803
7290118077985,false,חנוכייה מעוצבת בינונית 28סמ רגל מעוצבת כסף מבריק,,,חנוכייה מעוצבת בינונ,יחידה,1.00,יחידה,false,,89.90,89.9000,true,1,1442882
7290118420477,false,בייגלה שטוחים טעם ביסלי בצל אסם 300 גרם,"אסם תעשיות בע""מ",IL,אסם בייגלה שטוחים בט,גרמים,300.00,100 גרם,false,,9.90,0.0330,true,1,1441872
7290118420514,false,אינסטנט פודינג בטעם נוגט אסם 75 גרם,"אסם תעשיות בע""מ",IL,אסם אינסטנט פודינג נ,גרמים,75.00,100 גרם,false,,4.90,0.0653,true,1,1441873
7291049139506,false,כלי למילוי מרובע אנג,,,כלי למילוי מרובע אנג,יחידה,0.00,יחידה,false,,16.00,0.0000,true,1,1426891
7291049141042,false,קופסאת מתנה מלבן,,,קופסאת מתנה מלבן,יחידה,1.00,יחידה,false,,15.00,15.0000,true,1,1421410
7291049141851,false,"בלון מיילר 18"" עגול",,,"בלון מיילר 18"" עגול",יחידה,1.00,יחידה,false,,8.00,8.0000,true,1,1432683
7291049142131,false,כרטיס ברכה בת מצווה,,,כרטיס ברכה בת מצווה,יחידה,1.00,יחידה,false,,4.50,4.5000,true,1,1422189
7291049159153,false,"כרטיס ברכה ת""מ בהצלח",,,"כרטיס ברכה ת""מ בהצלח",יחידה,0.00,יחידה,false,,7.90,0.0000,true,1,1425130
7291049159238,false,"כרטיס ברכה ת""מ לזוג",,,"כרטיס ברכה ת""מ לזוג",יחידה,1.00,יחידה,false,,7.90,7.9000,true,1,1425136
7291049175399,false,קופסאת נשיקות אדום/ז,,,קופסאת נשיקות אדום/ז,יחידה,1.00,יחידה,false,,39.00,39.0000,true,1,1432775
7296058025017,false,פריכיות דקות אורז TO GO ג 25,,,פריכיות דקות אורז טו,גרמים,25.00,100 גרם,false,,2.90,0.1160,true,1,1440271
7297488098169,false,דגש קמח תירס ללא גלו,"תבליני העליון בע""מ",IL,דגש קמח תירס 500 גרם,גרמים,500.00,100 גרם,false,,9.90,0.0198,true,1,1428690
7297488098183,false,קמח אורז לבן ללא גלו,"תבליני העליון בע""מ",IL,דגש קמח אורז 500 גרם,גרמים,500.00,100 גרם,false,,9.80,0.0196,true,1,1428692
7297488098305,false,קמח שקדים ללא גלוטן,תות תעשיות מזון (201,IL,דגש קמח שקדים 250 גר,גרמים,250.00,100 גרם,false,,25.50,0.1020,true,1,1428709
7297488099760,false,דגש עוגיות בטעם חלבה 250 גרם,דגש- דוכן גן שמואל,IL,דגש עוגיות בטעם חלבה,גרמים,250.00,100 גרם,false,,24.90,0.0996,true,1,1428720
7297488199590,false,פצפוצי אורז לבן תפוח ללא גלוטן,דגש- דוכן גן שמואל,IL,דגש פצפוצי אורז 450,גרמים,450.00,100 גרם,false,,20.90,0.0464,true,1,1428694
7297488199606,false,פצפוצי אורז תפוח ללא תוספת סוכר ומלח ללא גלוטן,דגש- דוכן גן שמואל,IL,דגש פצפוצי אורז קל 4,גרמים,450.00,100 גרם,false,,19.90,0.0442,true,1,1428695
7299854145262,false,כוסות נייר שתיה חמה,כוסות שתייה חמה 3 ב,,כוסות נייר שתיה חמה,יחידה,50.00,יחידה,false,,11.90,0.2380,true,1,1433902
7501013122039,false,ג'ומקס מיץ מנגו קרטונית ליטר תריסר,חומקס קומר קומרסאליז,MX,ג'ומקס נקטר מנגו קרט,מיליליטרים,1000.00,"100 מ""ל",false,,9.50,0.0095,true,1,1410771
7501013122053,false,ג'ומקס מיץ אפרסק קרטונית ליטר תריסר,חומקס קומר קומרסאליז,MX,ג'ומקס נקטר אפרסק קר,מיליליטרים,1000.00,"100 מ""ל",false,,9.50,0.0095,true,1,1410772
7501013122114,false,"נקטר משקה אננס בקרטונית ג'ומקס, 1 ל'",חומקס קומר קומרסאליז,MX,ג'ומקס משקה אננס קרט,מיליליטרים,1000.00,"100 מ""ל",false,,9.50,0.0095,true,1,1410773
7501013122992,false,ג'ומקס מיץ קוקוס אננס קרטונית ליטר תריסר,חומקס קומר קומרסאליז,MX,ג'ומקס משקה קוקוס אנ,מיליליטרים,1000.00,"100 מ""ל",false,,9.50,0.0095,true,1,1410775
7501049936945,false,"בירה סול שישייה בקבוק 330 מ""ל",היינקן,NL,בירה סול שישייה 330,מיליליטרים,1980.00,"100 מ""ל",false,,34.90,0.0176,true,1,1429018
7501064191398,false,שישיית בירה קורונה אקסטרא *355 מל,קריניציה ויטמינה אס,MX,בירה קורונה שישייה 3,מיליליטרים,2130.00,"100 מ""ל",false,,39.90,0.0187,true,1,1415206
7503012779405,false,סירופ אגבה כחולה – נטורפוד (גדול),נוטריאגבס דה מקסיקו,MX,סירופ אגבה כחולה 600,גרמים,600.00,100 גרם,false,,29.90,0.0498,true,1,1428655
7610008059073,false,טבלת שוקולד רגוסה קלאסי עם שקדים 100 גר,RAGUSA,CH,שוקולד בלונד במילוי,גרמים,100.00,100 גרם,false,,19.90,0.1990,true,1,1438488
7610008059080,false,טבלת שוקולד רגוסה מריר עם שקדים 100 גר,RAGUSA,CH,שוקולד מריר במילוי א,גרמים,100.00,100 גרם,false,,19.90,0.1990,true,1,1438489
7610008059097,false,טבלת שוקולד רגוסה בלונד עם שקדים 100 גר,RAGUSA,CH,שוקולד בלונד לבן טרפ,גרמים,100.00,100 גרם,false,,19.90,0.1990,true,1,1438490
7610008059103,false,טבלת שוקולד טורינו חלב 100 גר,קמיל בלוך,CH,שוקולד חלב טורינו 10,גרמים,100.00,100 גרם,false,,19.90,0.1990,true,1,1438491
7610400014649,false,לינדור קוביות במילוי קרם שוקולד חלב 100 גרם,לינדט ושפרונגלי קילש,CH,שוקולד לינדור בודד מ,גרמים,100.00,100 גרם,false,,15.80,0.1580,true,1,1437912
7610400068505,false,לינדט לינדור בונבוניירה שוקולד חלב 200 גרם,לינדט ושפרונגלי קילש,CH,לינדור בונ' מילק 200,גרמים,200.00,100 גרם,false,,29.90,0.1495,true,1,1436865
7610400068529,false,לינדט לינדור בונבוניירה כדורי שוקולד מטעמים 200 גרם,לינדט ושפרונגלי קילש,CH,לינדור בונ' אסורטד 2,גרמים,200.00,100 גרם,false,,29.90,0.1495,true,1,1436866
7610400074155,false,לינדט לינדור קוביות במילוי קרם שוקולד 60% מוצקי קקאו 100 גרם,לינדט ושפרונגלי קילש,CH,שוקולד לינדור בודד 6,גרמים,100.00,100 גרם,false,,15.80,0.1580,true,1,1437913
7610400075770,false,לינדט לה גרנד שוקולד מריר אגוז 150 גרם,לינדט ושפרונגלי,CH,שוקולד לינדט לגרנד מ,גרמים,150.00,100 גרם,false,,23.90,0.1593,true,1,1437914
7610400075787,false,לינדט לה גרנד שוקולד חלב אגוז 150 גרם,"לינדט ושפרונגלי, קיל",CH,שוקולד לינדט לגרנד ח,גרמים,150.00,100 גרם,false,,23.90,0.1593,true,1,1437915
7610400085946,false,לינדט לגרנד דארק אלמונד סולט 150 גרם,לינדט,,שוקולד לינדט לגרנד ד,גרמים,150.00,100 גרם,false,,23.90,0.1593,true,1,1437916
7610400091060,false,שוקולד מריר לינדט אקסלנס בתוספת תפוז ושקדים,לינדט ושפרונגלי קילש,CH,שוקולד לינדט אקסלנס,גרמים,100.00,100 גרם,false,,14.90,0.1490,true,1,1437917
7613030979647,false,דגני בוקר טריקס פירות עולם היורה 480 ג',ג'נרל מילס סאן אדריא,IL,דגני תירס תפוחים בטע,גרמים,480.00,100 גרם,false,,23.90,0.0498,true,1,1407483
7613032045753,false,פיטנס - דגני בוקר שוקולד 375 גרם,נסטלה צרפת איטנקורט,FR,פיטנס שוקולד 375 גרם,גרמים,375.00,100 גרם,false,,19.90,0.0531,true,1,1407485
7613033548192,false,פיטנס - דגני בוקר שוקולד מריר 375 גרם,נסטלה צרפת איטנקורט,FR,פיטנס שוקולד מריר 37,גרמים,375.00,100 גרם,false,,19.90,0.0531,true,1,1407495
7613035622623,false,פיטנס - גרנולה שקדים ודבש 300 גרם,שוורצקוף& הנקל דיסלד,LT,פיטנס גרנולה שקדים ו,גרמים,300.00,100 גרם,false,,14.90,0.0497,true,1,1407503
7613035635845,false,פיטנס גרנולה שוקולד 14*300 גרם,שוורצקוף& הנקל דיסלד,LT,פיטנס גרנולה שוקולד,גרמים,300.00,100 גרם,false,,14.90,0.0497,true,1,1407504
7613035807778,false,פרפקטו רוטב עגבניות לבולונז 400 ג' אסם,אסם פרפקטו Perfecto,ES,פרפקטו רוטב עגבניות,גרמים,400.00,100 גרם,false,,10.50,0.0263,true,1,1407506
7613035809109,false,פרפקטו רוטב עגבניות ובזיליקום 400 ג'אסם,אסם פרפקטו Perfecto,ES,פרפקטו רוטב עגבניות,גרמים,400.00,100 גרם,false,,10.50,0.0263,true,1,1407507
7613035809123,false,פרפקטו רוטב עגבניות עם פלפלים 400 ג' אסם,אסם פרפקטו Perfecto,ES,פרפקטו רוטב עגבניות,גרמים,400.00,100 גרם,false,,10.50,0.0263,true,1,1407508
7613035809857,false,פרפקטו רוטב עגבניות לפסטה ולבישול 400 ג' אסם,אסם פרפקטו Perfecto,ES,פרפקטו רוטב עגבניות,גרמים,400.00,100 גרם,false,,10.50,0.0263,true,1,1407509
7613036520492,false,פרפקטו רוטב עגבניות לפסטה 400 גרם,אסם פרפקטו Perfecto,ES,רוטב עגבניות לפיצה פ,גרמים,400.00,100 גרם,false,,10.50,0.0263,true,1,1407516
7613036710879,false,מארז מיני חטיפי קיט קט צ'אנקי Kit Kat Chanky,ליימן מותגים,DE,קיט קט צנקי מיני 12*,גרמים,194.00,100 גרם,false,,14.90,0.0768,true,1,1432589
7613037686906,false,פיטנס - דגני בוקר שקדים ודבש 355 גרם,נסטלה צרפת איטנקורט,FR,דגני בוקר עם שקדים ו,גרמים,355.00,100 גרם,false,,19.90,0.0561,true,1,1427849
7613038268262,false,דגני בוקר צ'יריוס דבש ושקדים במתיקות מעודנת,נסטלה פולין דגני בוק,FR,האני נאט ציריוס מופח,גרמים,410.00,100 גרם,false,,19.90,0.0485,true,1,1429440
7613287121783,false,סמארטיס מיני 16*187 גרם,נסטלה Nestle,DE,סמארטיס מיני 187 גרם,גרמים,187.00,100 גרם,false,,14.90,0.0797,true,1,1435438
7613287302373,false,סטארבקס קפסולות איטליאן סטייל רוסט 56 גרם,נסטלה שוויץ - קפה,PT,קפסולות קפה איטליאן,יחידה,10.00,יחידה,false,,22.90,2.2900,true,1,1434304
7614500035788,false,טובלרון שוקולד חלב 200 גרם,מונדליז,CH,טובלרון 200 גרם,גרמים,200.00,100 גרם,false,,17.90,0.0895,true,1,1408246
7622010001858,false,עוגיות אוראו ממולאות קרם וניל 176 גרם.,פי אר ג'יי אס אי מנד,CZ,אוראו וניל 176 גרם ב,גרמים,176.00,100 גרם,false,,9.90,0.0563,true,1,1408247
7622201050757,false,שוקולד מילקה טבלת חלב עם קרמל 100 ג',מילקה Milka,DE,שוקולד חלב במילוי קר,גרמים,100.00,100 גרם,false,,6.90,0.0690,true,1,1409394
7622201139278,false,גבינת שמנת 27% שומן 150 ג' פילדלפיה,מיודלז אספניה פרודוק,ES,גבינת שמנת 27% פילדל,גרמים,150.00,100 גרם,false,,14.90,0.0993,true,1,1428267
7622201401900,false,עוגיות מילקה סנסיישן אוראו 156 גרם,מונדלז פולסקה פרודקש,PL,עוגיות מילקה סנסיישן,גרמים,156.00,100 גרם,false,,10.90,0.0699,true,1,1433170
7622201521493,false,גבינת פילדלפיה שום ועשבי תיבול 150 גרם,מיודלז אספניה פרודוק,ES,גבינת שמנת שום ועשבי,גרמים,150.00,100 גרם,false,,14.90,0.0993,true,1,1440381
7622201798154,false,גבינת שמנת לייט מופחתת שומן 13% שומן,מיודלז אספניה פרודוק,ES,גבינת שמנת פילדלפיה,גרמים,150.00,100 גרם,false,,14.90,0.0993,true,1,1437259
7622201801809,false,מילקה שוקולד חלב עם אגוזים 100 גרם חדש,מנדלז דויצ'לנד סנקס,DE,שוקולד חלב עם שברי א,גרמים,100.00,100 גרם,false,,6.90,0.0690,true,1,1437219
7622201802363,false,מילקה טבלת שוקולד חלב וצימוקים ואגוזים 100ג',מנדלז דויצ'לנד סנקס,PL,שוקולד חלב עם אגוזים,גרמים,100.00,100 גרם,false,,6.90,0.0690,true,1,1437220
7622201802394,false,שוקולד מילקה חלב מסרונים 100 גרם,מנדלז דויצ'לנד סנקס,PL,שוקולד חלב מילקה 100,גרמים,100.00,100 גרם,false,,6.90,0.0690,true,1,1437221
7622201808631,false,אוראו מיני עוגיות ממולאות קרם וניל 67גרם,פי.טי. מונדלז אינדונ,ID,אוראו מיני כוסות בטע,גרמים,67.00,100 גרם,false,,7.90,0.1179,true,1,1438652
7622201813390,false,עוגיות מילקה וואפל במילוי קרם קקאו 150 ג,מונדליז סי.אר. ביסקו,CZ,מילקה וואפל במילוי ק,גרמים,132.00,100 גרם,false,,10.90,0.0826,true,1,1437854
7622201819170,false,שוקולד מילקה דרק שקדים 85 גרם,מונדלז דויטשלנד סנאק,DE,מילקה דארק שקדים 85,גרמים,85.00,100 גרם,false,,7.90,0.0929,true,1,1437855
7622201819408,false,שוקולד מילקה דארק קר,מונדלז דויטשלנד סנאק,DE,מילקה דארק קרמל 85 ג,גרמים,85.00,100 גרם,false,,7.90,0.0929,true,1,1437856
7622201819552,false,מילקה דארק שוקולד 85 גרם חדש,מונדלז דויטשלנד סנאק,DE,מילקה דארק 85 גרם,גרמים,85.00,100 גרם,false,,7.90,0.0929,true,1,1437857
7622201823733,false,עוגיות ת`ינס דקות 151 ג' מילקה,מונדלייז,PL,עוגיות מילקה ת'ינס ד,גרמים,151.00,100 גרם,false,,10.90,0.0722,true,1,1442801
7622210078131,false,מילקה שוקולד חלב במילוי קרם שמנת 100 ג',מנדלז דויצ'לנד סנקס,PL,שוק' מילקה דאיים 100,גרמים,100.00,100 גרם,false,,6.90,0.0690,true,1,1408248
7622210163899,false,שוקולד חלב במילוי סוכריות עדשים,מונדלז דויצ'לנד סנקס,DE,מילקה שוקולד חלב עם,גרמים,100.00,100 גרם,false,,6.90,0.0690,true,1,1408250
7622210392589,false,מארז טולברון טייני חלב 200 גרם,מונדליז,CH,טובלרון טייני חלב 20,גרמים,200.00,100 גרם,false,,17.90,0.0895,true,1,1432469
7622210637994,false,מיני עוגיות אוראו קראנצ'י בייטס אורגינל,מונדלז אספניה ג'לאטס,ES,אוראו ביס קראנ'צי או,גרמים,110.00,100 גרם,false,,9.90,0.0900,true,1,1427795
7622210664150,false,"עוגיות אוראו וניל, 396 גרם",מונדלייז,CZ,עוגיות אוראו וניל 39,גרמים,396.00,100 גרם,false,,15.90,0.0402,true,1,1441191
7622210690883,false,מילקה שוקולד חלב-מהדורת מונדיאל 270 גרם,מונדליז,AT,מילקה מונדיאל 270 גר,גרמים,270.00,100 גרם,false,,17.90,0.0663,true,1,1442802
7622210693266,false,מילקה שוקולד אגוזים שלמים 270 גרם,מונדלז אוסטרייך פרוד,AT,מילקה אגוזים שלמים 2,גרמים,270.00,100 גרם,false,,17.90,0.0663,true,1,1439646
7622210826053,false,שוקולד מילקה אוראו סנדוויץ 92 גר',גיאורי קאקסז קייאףטי,PL,שוקולד מילקה אוראו ס,גרמים,92.00,100 גרם,false,,6.90,0.0750,true,1,1433171
7622210835338,false,אוראו עוגיות ממולאות טעם בראוניז 176 גרם,מנדלז אספנה גאלטס פר,ES,עוגיות אוראו בראוניז,גרמים,176.00,100 גרם,false,,8.90,0.0506,true,1,1408255
7622300200237,false,שוקולד מילקה שוקולד חלב 250 גרם,מונדליז אוסטרייך פרו,PL,מילקה שוקולד חלב 250,גרמים,250.00,100 גרם,false,,12.50,0.0500,true,1,1408258
7622300270506,false,מילקה גריינס - עוגיות שיבולת שועל מצופות שוקולד 168 ג',מונדלז פולסקה פרודקש,PL,מילקה גריינס - עוגיו,גרמים,168.00,100 גרם,false,,10.90,0.0649,true,1,1408260
7622300441715,false,עוגיות מילקה ביסקוויט ממולא קרם חלב מצופה למחצה בשוקולד חלב 150 גר',מוביל בעל מוניטין,CZ,מילקה עוגיות שוקו מי,גרמים,150.00,100 גרם,false,,11.90,0.0793,true,1,1418367
7622300489434,false,"עוגיות אוראו פאדג' בציפוי שוקולד חלב, 246 גרם",מנדלז אספנה גאלטס פר,ES,אוראו עוגיות מצופות,גרמים,246.00,100 גרם,false,,18.90,0.0768,true,1,1414453
7622300495046,false,מילקה שוקולד חלב עם אקסטרה קקאו 100 גרם,מנדלז דויצ'לנד סנקס,DE,מילקה אקסטרה קקאו 10,גרמים,100.00,100 גרם,false,,6.90,0.0690,true,1,1437858
7622300617820,false,מילקה שוקולד חלב במילוי קרם חלב ווניל ושבבי עוגיות אוראו 100 גרם,מנדלז דויצ'לנד סנקס,DE,מילקה אוראו 100 גרם,גרמים,100.00,100 גרם,false,,6.90,0.0690,true,1,1408263
7622300761363,false,עוגיות מיני אוראו במילוי קרם בטעם שוקולד בכוס,פי.טי. מונדלז אינדונ,ID,אוראו מיני עוגיות עם,גרמים,67.00,100 גרם,false,,7.90,0.1179,true,1,1412162
7622400005190,false,שוקולד חלב נגיעות שוקולד לבן מילקה 100 ג,מנדלז דויצ'לנד סנקס,DE,שוקולד חלב חום לבן מ,גרמים,100.00,100 גרם,false,,6.90,0.0690,true,1,1409396
7630477891639,false,סטארבקס קפסולות קפה ורונה 10 יחידות,נסטלה שוויץ - קפה,CH,קפסולות קפה קפה ורונ,גרמים,55.00,100 גרם,false,,22.90,0.4164,true,1,1432317
7630477891653,false,סטארבקס קפסולות קפה אספרסו נטול 10 יחידו,נסטלה שוויץ - קפה,CH,קפסולות קפה נטול קפא,גרמים,57.00,100 גרם,false,,22.90,0.4018,true,1,1432318
7630477891677,false,סטארבקס קפסולות קפה פייק פלייס 10 יחידות,נסטלה שוויץ - קפה,CH,קפסולות קפה פייק פלי,גרמים,53.00,100 גרם,false,,22.90,0.4321,true,1,1432319
7630477891691,false,סטארבקס קפסולות קפה קולמביה 10 יחידות,נסטלה שוויץ - קפה,CH,קפסולות קפה קולומביה,גרמים,57.00,100 גרם,false,,22.90,0.4018,true,1,1432320
7630477891738,false,סטארבקס קפסולות קפה אספרסו בלונד 10 יחיד,נסטלה שוויץ - קפה,CH,קפסולות קפה בלונד חו,גרמים,53.00,100 גרם,false,,22.90,0.4321,true,1,1432324
7702024074625,false,פיטנס - חטיפי קרקר חיטה מלאה 234 גרם,קומסטיבלס לה רוזה אס,CO,פיטנס חטיפי קרקר חיט,גרמים,234.00,100 גרם,false,,11.90,0.0509,true,1,1407527
7702174068833,false,יוגטה סוכריות קשות על מקל ממולאות טופי בטעמי גלידת פירות 12 יח' 204 גרם,הדקלאים אגודת שיתופי,EC,לקקן יוגטה גלידה 12,יחידה,12.00,יחידה,false,,10.90,0.9083,true,1,1412409
7777555510836,false,סט 3 קופסאות אחסון,,,סט 3 קופסאות אחסון,יחידה,3.00,יחידה,false,,29.90,9.9667,true,1,1417271
7777555512977,false,פותחן ליין,,,פותחן ליין,יחידה,1.00,יחידה,false,,14.90,14.9000,true,1,1417281
7777555513707,false,מערוך,,,מערוך,יחידה,1.00,יחידה,false,,29.90,29.9000,true,1,1430789
7777886604891,false,מחבת יציקה איכותית 20 סדרת עץ,,,מחבת יציקה איכותית 2,יחידה,1.00,יחידה,false,,44.90,44.9000,true,1,1417328
7777886604907,false,מחבת יציקה איכותית 24 סדרת עץ,,,מחבת יציקה איכותית 2,יחידה,1.00,יחידה,false,,59.90,59.9000,true,1,1417329
7777887755554,false,סט סכינים רב שימושיות רמי לוי,,,סט סכינים רב שימושיו,יחידה,1.00,יחידה,false,,19.90,19.9000,true,1,1417337
7791875005353,false,ריבת חלב הוואנה דוצה דה לצה 450 גרם,פרימיום ברנד,ES,ריבת חלב הוואנה דולצ,גרמים,450.00,100 גרם,false,,19.90,0.0442,true,1,1437918
7804414000860,false,יין דון חוליו קברנה סוביניון,צ'ילה לואיס פיליפה א,CL,יין דון חוליו קברנה,מיליליטרים,750.00,"100 מ""ל",false,,31.50,0.0420,true,1,1411870
7804414000877,false,"יין דון חוליו מרלו 750 מ""ל",צ'ילה לואיס פיליפה א,CL,יין מרלו דון חוליו ה,מיליליטרים,750.00,"100 מ""ל",false,,31.50,0.0420,true,1,1411871
7804414000884,false,יין שרדונה דון חוליו,צ'ילה לואיס פיליפה א,CL,יין לבן יבש שרדונה ד,מיליליטרים,750.00,"100 מ""ל",false,,31.50,0.0420,true,1,1428916
7804414001614,false,יין אדום שיראז דון ח,צ'ילה לואיס פיליפה א,CL,יין אדום שיראז דון ח,מיליליטרים,750.00,"100 מ""ל",false,,31.50,0.0420,true,1,1428917
7804414012368,false,יין אדום רוזה דון חו,צ'ילה לואיס פיליפה א,CL,יין אדום רוזה דון חו,מיליליטרים,750.00,"100 מ""ל",false,,31.50,0.0420,true,1,1428920
7891024030974,false,"קולגייט משחת שיניים טריפל אקשן 75 מ""ל",הנסיך- מפעל לייצור ט,BR,קולגייט טריפל אקשן 7,מיליליטרים,75.00,"100 מ""ל",false,,6.90,0.0920,true,1,1414304
8000215204240,false,משקה שקדים ואורז - אורגני 1 ליטר,בטר אנד דיפרנט,IT,משקה אורז ושקדים ביו,מיליליטרים,1000.00,"100 מ""ל",false,,13.90,0.0139,true,1,1417449
8000215204370,false,ויטריז לבישול תחל. שמנת צמחי אורגני 200,ויטריז,IT,תחליף שמנת צמחי ביו,מיליליטרים,200.00,"100 מ""ל",false,,6.90,0.0345,true,1,1417453
8000215204387,false,"רוטב בשמל צמחי אורגני ויטריז 500 מ""ל",,,רוטב בשמל צמחי אורגנ,מיליליטרים,500.00,"100 מ""ל",false,,13.90,0.0278,true,1,1417454
8000320010088,false,"רוטב עגבניות במרקם גס 680 מ""ל MUTTI",קונסרב,IT,פסאטה צ'יריו במרקם ג,מיליליטרים,680.00,"100 מ""ל",false,,11.90,0.0175,true,1,1441323
8000350000585,false,וישנזי בישקוטים 200,,,וישנזי בישקוטים 200,גרמים,200.00,100 גרם,false,,8.90,0.0445,true,1,1439916
8000380003723,false,וופל אגוזים בציפוי שוקולד לואקר 100 גרם,קריניציה ויטמינה אס,IT,לואקר גרנד פטיסרי אג,גרמים,100.00,100 גרם,false,,12.90,0.1290,true,1,1412420
8000380003761,false,וופל גרנד פטיסרי שוקולד וקוקוס לואקר 100 גרם,קריניציה ויטמינה אס,IT,לואקר גרנד פטיסרי קו,גרמים,100.00,100 גרם,false,,12.90,0.1290,true,1,1414454
8000380004911,false,קוביות וופל קואדרטיני Quadratini קרם אגוזים,קריניציה ויטמינה אס,AT,קואדרטיני אגוז 250 ג,גרמים,250.00,100 גרם,false,,14.90,0.0596,true,1,1412424
8000380004942,false,קוביות וופל בטעם וניל לואקר 250 גרם,ליימן מותגים,AT,קואדרטיני וניל 250 ג,גרמים,250.00,100 גרם,false,,14.90,0.0596,true,1,1412425
8000380004966,false,וופל קוארדטיני לואקר קוביות שוקולד 250ג',קריניציה ויטמינה אס,AT,קואדרטיני שוקולד 250,גרמים,250.00,100 גרם,false,,14.90,0.0596,true,1,1412426
8000380005598,false,מארז וופל שוקולד טורטינה Tortina שוקולד מריר,ליימן מותגים,IT,ופלים טורטינה מריר ל,גרמים,125.00,100 גרם,false,,16.90,0.1352,true,1,1412427
8000380005918,false,קוביות וופל קואדרטיני אגוז 125 גרם,ליימן מותגים,AT,וופל קוביות קואדרטינ,גרמים,125.00,100 גרם,false,,6.90,0.0552,true,1,1412428
8000380005963,false,וופל קוביות קואדרטיני שוקולד 125 ג,לואקר,AT,וופל קוביות קואדרטינ,גרמים,125.00,100 גרם,false,,6.90,0.0552,true,1,1412431
8000380007257,false,וופל בטעם אגוזים לואקר 200 גרם,קריניציה ויטמינה אס,IT,גרדנה אגוז 200 גרם,גרמים,200.00,100 גרם,false,,13.90,0.0695,true,1,1412432
8000380007271,false,וופל במילוי קרם חלב לואקר 175 גרם,ליימן מותגים,AT,וופל במילוי קרם חלב,גרמים,175.00,100 גרם,false,,11.90,0.0680,true,1,1414458
8000380106028,false,טורטינה לואקר וופל שוקולד ואגוזים שישיה 125ג',קריניציה ויטמינה אס,IT,ופל טורטינה קרם אגוז,גרמים,125.00,100 גרם,false,,16.90,0.1352,true,1,1412433
8000380148035,false,וופל אגוזי לוג שוקולד מריר גראן פטיסרי Gran Pasticceria,קריניציה ויטמינה אס,IT,ופל גרנד פטיסרי מריר,גרמים,100.00,100 גרם,false,,12.90,0.1290,true,1,1414459
8000380152704,false,וופל אצבעות גרדנה חטיפי אגוז שוקו' 125גר,"אינסטנטה בע""מ",IT,וופל גרדנה אגוז 125,גרמים,125.00,100 גרם,false,,18.90,0.1512,true,1,1438122
8000380152728,false,מארז חטיפי אצבעות גרנדה שוקולד 125 גרם,"אינסטנטה בע""מ",IT,וופל גרדנה שוקולד 12,גרמים,125.00,100 גרם,false,,18.90,0.1512,true,1,1438123
8000380153534,false,מארז וופל שוקולד טורטינה Tortina שוקולד לבן,ליימן מותגים,IT,ופל טורטינה מצופה שו,גרמים,125.00,100 גרם,false,,16.90,0.1352,true,1,1412438
8000380156009,false,לואקר ורד הדולמיטים שוקולד חלב 150 גר',קריניציה ויטמינה אס,IT,בונבוניירה ורד הדולו,גרמים,150.00,100 גרם,false,,22.90,0.1527,true,1,1412439
8000380156825,false,שוקולד לואקר חלב 87 גרם,ליימן מותגים,IT,לואקר שוקולד חלב 87,גרמים,87.00,100 גרם,false,,7.90,0.0908,true,1,1439900
8000380156849,false,"שוקולד בטעם מריר ""לואקר""",ליימן מותגים,IT,לואקר שוקולד מריר 87,גרמים,87.00,100 גרם,false,,7.90,0.0908,true,1,1439901
8000380156856,false,שוקולד לואקר לבן 87 גרם,ליימן מותגים,IT,לואקר שוקולד לבן 87,גרמים,87.00,100 גרם,false,,7.90,0.0908,true,1,1439902
8000380180745,false,קוביות וופל קואדרטיני קקאו במילוי קר חלב,"א. לואקר, קונפקט ג'י",AT,קואדרטיני שוקו-חלב 2,גרמים,250.00,100 גרם,false,,14.90,0.0596,true,1,1414461
8000380187249,false,עוגיות עם מילוי קרם שקדים ושוקולד חלב,לואקר Loacker,AT,לואקר עוגיות שקדים 1,גרמים,100.00,100 גרם,false,,14.90,0.1490,true,1,1432310
8000380192151,false,טורטינה טריפל שוקולד מריר 125 גר לואקר,ליימן מותגים,IT,טורטינה טריפל 125 1/,גרמים,125.00,100 גרם,false,,16.90,0.1352,true,1,1421163
8000380192588,false,קואדרטיני בטעם קקאו במילוי קרם קקאו,קריניציה ויטמינה אס,AT,קואדרטיני דאבל שוקול,גרמים,250.00,100 גרם,false,,14.90,0.0596,true,1,1412453
8000380201396,false,שוקולד חלב ממולא קרם קרמל ועלי וופל פריכ,ליימן מותגים,IT,טורטינה 1/6 קרמל,יחידה,6.00,יחידה,false,,16.90,2.8167,true,1,1434694
8000380205523,false,וופל לואקר קלאסיק חמאת בוטנים 175 גר,ליימן מותגים,AT,וופל לואקר קלאסיק חמ,גרמים,175.00,100 גרם,false,,11.90,0.0680,true,1,1439746
8000380206896,false,וופל לואקר גרדנה חמאת בוטנים 200 גר,ליימן מותגים,IT,וופל גרדנה חמאת בוטנ,גרמים,200.00,100 גרם,false,,13.90,0.0695,true,1,1439747
8000380207183,false,שוקולד לואקר טורטינה חמאת בוטנים 126 גר,ליימן מותגים,IT,וופל טורטינה חמאת בו,גרמים,126.00,100 גרם,false,,16.90,0.1341,true,1,1439748
8000500009673,false,בונבוניירת פררו רושה 300 גרם,קריות זול,IT,פררו רושה שוקולד חלב,גרמים,300.00,100 גרם,false,,47.90,0.1597,true,1,1414462
8000500018828,false,קינדר אצבעות שוקולד חצי מטר 300 גר,קדבורי,IT,קינדר שוקולד חצי מטר,יחידה,1.00,יחידה,false,,20.90,20.9000,true,1,1415410
8000500023624,false,חטיפי הפי היפו Happy Hippo במילוי קרם חלב וקקאו,קינדר Kinder,IT,קינדר הפי היפו חמישי,גרמים,103.50,100 גרם,false,,11.90,0.1150,true,1,1415411
8000500023976,false,בונבוניירת רפאלו פררו 150 גרם,קריות זול,PL,רפאלו 150 גרם,גרמים,150.00,100 גרם,false,,14.90,0.0993,true,1,1415412
8000500026731,false,שוקולד ביצי הפתעה קינדר שלישייה,קריות זול,IT,קינדר ביצת הפתעה שלש,גרמים,60.00,100 גרם,false,,14.90,0.2483,true,1,1415413
8000500028124,false,קינדר גוי ביצת הפתעה מארז שלישיה,ליימן שליסל,ZA,קינדר גוי שלשות 60 ג,גרמים,60.00,100 גרם,false,,14.90,0.2483,true,1,1441594
8000500029350,false,מארז וופל מצופה 3יח' *43 גרם קינדר בואנו,קינדר Kinder,PL,קינדר בואנו שלישיה 3,גרמים,129.00,100 גרם,false,,10.90,0.0845,true,1,1415414
8000500032237,false,בונבוניירה פררו רושר 375 גר,פררו רושר,IT,פררו רושר 375 גרם,גרמים,375.00,100 גרם,false,,39.90,0.1064,true,1,1415415
8000500037874,false,בונבוניירת פררו רושה 200 גרם,קריות זול,IT,פררו רושה 200 גרם,גרמים,200.00,100 גרם,false,,24.90,0.1245,true,1,1415416
8000500071083,false,אצבעות שוקולד קינדר Kinder שש עשרה יחידות,קינדר Kinder,IT,קינדר אצבעות שוקולד,גרמים,200.00,100 גרם,false,,11.90,0.0595,true,1,1415418
8000500094976,false,"בונבוניירה פררו רושר רושה קונוס, 212 גרם T17X4",רושר,IT,בונבונירות רושה קונו,גרמים,212.00,100 גרם,false,,38.90,0.1835,true,1,1415420
8000500121436,false,מארז קינדר בואנו Kinder Bueno לבן שלוש יחידות,קינדר Kinder,PL,קינדר בואנו לבן שלשה,גרמים,117.00,100 גרם,false,,10.90,0.0932,true,1,1415421
8000500126325,false,ביצי שוקולד הפתעה קינדר ג'וי ורוד בנות שלישיה,קריות זול,ZA,קינדר גוי ורוד שלשה,גרמים,60.00,100 גרם,false,,14.90,0.2483,true,1,1415422
8000500127728,false,סלייס עוגת ספוג במילוי קרם חלבי ק'נדר מילק 112 ג',קינדר Kinder,TR,קינדר מילק סלייס עוג,גרמים,120.00,100 גרם,false,,13.90,0.1158,true,1,1435356
8000500167656,false,קינדר שוקולד עם דגנים סיריאל 94 ג',פררו,IT,קינדר שוקולד עם דגני,גרמים,94.00,100 גרם,false,,7.90,0.0840,true,1,1429073
8000500224281,false,נוטלה בי רדי חטיף קופה,פררו,IT,נוטלה בי רדי 22 גרם,גרמים,22.00,100 גרם,false,,2.50,0.1136,true,1,1439228
8000500227848,false,נוטלה - בי רדי אצבעות ביסקוויט במילוי שוקולד 6 יח' * 22 גרם,פררו,IT,נוטלה בי רדי 6*22 גר,גרמים,132.00,100 גרם,false,,10.90,0.0826,true,1,1415433
8000500247150,false,פררו רושה קולקשיין קוקוס מילוי קרם ושקד שלם 172ג',Unknown,IT,פררו קולקשיין 172 גר,גרמים,172.00,100 גרם,false,,24.90,0.1448,true,1,1415436
8000500247167,false,פררו קולקשן - כדורי וופל מצופים 24 יחידו,פררו,DE,פררו קולקשיון 249.5,גרמים,249.50,100 גרם,false,,43.90,0.1760,true,1,1415437
8000500249352,false,קינדר בואנו מיני מיקס שקית 205 ג',קדבורי,PL,קינדר בואנו מיני מיק,גרמים,205.00,100 גרם,false,,19.90,0.0971,true,1,1415438
8000500256213,false,קינדר שוקולד מיני בשקית.,קדבורי,IT,קינדר שוקולד מיני 12,גרמים,120.00,100 גרם,false,,9.90,0.0825,true,1,1415439
8000500267103,false,קינדר דליס עוגת ספוג קקאו במילוי חלבי*10,קינדר Kinder,IT,קינדר עוגיות אישיות,גרמים,390.00,100 גרם,false,,19.90,0.0510,true,1,1415440
8000500269169,false,קינדר קארדס Kinder Cards - חמישייה,קריות זול,IT,קינדר קרדס 128 גרם,גרמים,128.00,100 גרם,false,,13.90,0.1086,true,1,1418402
8000500353738,false,רביעיה סוכריות בטעם מנטה חזק 4 * 16 ג' טחק טק,פררו,ZA,טיק טק מנטה חזק רביע,יחידה,4.00,יחידה,false,,9.90,2.4750,true,1,1433169
8000500360262,false,קינדר שוקולד דמויות חנוכה,General,PL,"קינדר ""חנוכיה"" 135 ג",גרמים,135.00,100 גרם,false,,16.90,0.1252,true,1,1433146
8000500366073,false,נוטלה עוגיות נוטלה בשקית 20 יח'- NUTELLA BISCUITTS,קריות זול,IT,נוטלה ביסקוויט 276 ג,גרמים,276.00,100 גרם,false,,19.90,0.0721,true,1,1442975
8000500374429,false,פררו גרנד רושה מעטפת שוקולד חלב 125 גרם,פררו,IT,גרנד פררו רושה 125 ג,גרמים,125.00,100 גרם,false,,14.90,0.1192,true,1,1437006
8000698036642,false,בונבוניירה אלינור 450 גר FELETTI,HDI FELETTI,IT,בונב' אלינור 450 גרם,גרמים,450.00,100 גרם,false,,55.00,0.1222,true,1,1419339
8000698466265,false,בונבוניירה אליזה פילטי 400 גר FELETTI,H.D.I,IT,בונ' אליזה פילטי 400,גרמים,400.00,100 גרם,false,,89.90,0.2248,true,1,1434259
8001003100164,false,יוגטה סוכריות ג'לי בטעמי פירות 450 גרם,יוגטה yogueta,IT,סוכריות גלי 450 גרם,גרמים,450.00,100 גרם,false,,11.90,0.0264,true,1,1412454
8001003100218,false,סוכריות יוגטה ג'לי פירות 800 גר',תות ממתקי איכות,IT,יוגטה ג'לי פירות 800,גרמים,800.00,100 גרם,false,,19.90,0.0249,true,1,1412455
8001003202028,false,יוגטה סוכריות גלי בטעם מנטה 80גר,יוגטה,IT,ג'לי בטעם מנטה יוגטה,גרמים,80.00,100 גרם,false,,4.90,0.0613,true,1,1439749
8001003202035,false,יוגטה סוכריות ג'לי בטעם פירות 80 ג',יוגטה,IT,ג'לי בטעם פירות יוגט,גרמים,80.00,100 גרם,false,,4.90,0.0613,true,1,1439750
8001090833167,false,גל כביסה אריאל בניחוח הרים 2.365 ליטר,פרוקטור אנד גמבל,FR,אריאל ג'ל כביסה ניחו,מיליליטרים,2365.00,"100 מ""ל",false,,32.90,0.0139,true,1,1416772
8001440118944,false,CIRIO מארז שלישיית עגבניות חתוכות דק,דיפלומט,IT,שלישיית עגבניות פולפ,גרמים,1200.00,100 גרם,false,,15.90,0.0133,true,1,1441325
8001841625188,false,סבון כלים פלטינום לימון X3 פעולות להסרת שומנים,פרוקטר אנד גמבל,GB,פיירי פלטינום לימון,מיליליטרים,515.00,"100 מ""ל",false,,10.90,0.0212,true,1,1432299
8001841625461,false,סבון כלים פלטינום X3 פעולות להסרת שומנים,פרוקטר אנד גמבל,GB,נוזל לניקוי כלים פלט,מיליליטרים,515.00,"100 מ""ל",false,,10.90,0.0212,true,1,1432300
8001841893990,false,פיירי טבליות למדיח פלטינום פלוס - מארז 30 יח',פרוקטר אנד גמבל,BE,פיירי טבליות למדיח 4,יחידה,30.00,יחידה,false,,39.90,1.3300,true,1,1433726
8001841958460,false,פיירי טבליות למדיח אורגינל הכל באחד - מארז 48 יח',פרוקטר אנד גמבל,BE,פיירי טבליות למדיח פ,יחידה,48.00,יחידה,false,,39.90,0.8312,true,1,1433725
8001931120944,false,"פסטה קן לציפור דק, 500 גרם",GUACCI,,פסטה קן לציפור דק 50,גרמים,500.00,100 גרם,false,,7.90,0.0158,true,1,1436889
8001931120982,false,פסטה עבה 500 גרם קן לציפור - טליאטלה,GUACCI,,פסטה קן לציפור עבה 5,גרמים,500.00,100 גרם,false,,7.90,0.0158,true,1,1436890
8002450204009,false,ורדי ספרקלטיני אפרסק,"איי, בי, אינבוו",IT,"ורדי אפרסק 750 מ""ל",מיליליטרים,750.00,"100 מ""ל",false,,24.90,0.0332,true,1,1411872
8002450205006,false,משקה כהלי מוגז ורדי,איטליה בוסקה,IT,"ורדי תות שדה 750 מ""ל",מיליליטרים,750.00,"100 מ""ל",false,,24.90,0.0332,true,1,1428922
8002450208007,false,ורדי גרין אפל ספרקלטיני,איטליה בוסקה,IT,"ורדי גרין אפל 750 מ""",מיליליטרים,750.00,"100 מ""ל",false,,24.90,0.0332,true,1,1428923
8003340091280,false,לינדט לינדור בונבוניירה 60% מוצקי קקאו 200 גרם,לינדט ושפרונגלי קילש,IT,לינדור בונ' 60% 200,גרמים,200.00,100 גרם,false,,29.90,0.1495,true,1,1436869
8004030022010,false,ירקות גינה עם טונה ריו מרה אינסלטיסימי 160 ג',"בולטון אלימנטרי בע""מ",IT,סלט ירקות גינה עם טו,גרמים,160.00,100 גרם,false,,15.90,0.0994,true,1,1414309
8004030026018,false,"מקסיקני עם טונה ריו מרה אינסלטיסימי, 160 ג'","בולטון אלימנטרי בע""מ",IT,סלט ירקות שעועית ותי,גרמים,160.00,100 גרם,false,,15.90,0.0994,true,1,1414310
8004708046409,false,"תערובת מעושן ע""ב מלח ים במטחנה 45 גרם",דרגוריה אלמנטריה,,תערובת טעם מעושן על,גרמים,45.00,100 גרם,false,,14.90,0.3311,true,1,1413348
8004800005519,false,וופל רול גלילי במילוי קרם אגוזי לוז- 125 ג' לאגו,לגו גרופ ס.פ.א.,IT,גלילי ופל במילוי קרם,גרמים,125.00,100 גרם,false,,10.90,0.0872,true,1,1441186
8005085705217,false,קריספו -תפזורת ורוד,,,קריספו -תפזורת ורוד,גרמים,1000.00,100 גרם,false,,45.90,0.0459,true,1,1429086
8005085709628,false,קריספו-תפזורת תכלת ק,,,קריספו-תפזורת תכלת ק,גרמים,1000.00,100 גרם,false,,45.90,0.0459,true,1,1423758
8005085719382,false,קריספו-לימון מסוכר מצופה שוקולד 130 גרם,,IT,"בונ ""קריספו-לימון מס",גרמים,130.00,100 גרם,false,,13.90,0.1069,true,1,1409324
8005085719429,false,קריספו-צימוקים מצופים שוקולד מריר 150 גר,,IT,בונ' קריספו-צימוקים,גרמים,150.00,100 גרם,false,,13.90,0.0927,true,1,1421066
8005110171215,false,עגבניות חתוכות 690 POLPAPEZZI ג' (כחול) MUTTI,"איי, בי, אינבוו",IT,עגבניות חתוכות דק מו,גרמים,700.00,100 גרם,false,,14.90,0.0213,true,1,1414491
8005110200014,false,רסק עגבניות 210 ג' CONCENTRATO MUTTI,"איי, בי, אינבוו",IT,רסק עגבניות 22° בתוס,גרמים,210.00,100 גרם,false,,8.50,0.0405,true,1,1414493
8005110551253,false,רוטב לפיצה להכנת פיצה איטלקית קלאסית,"איי, בי, אינבוו",IT,רוטב עגבניות לפיצה מ,גרמים,400.00,100 גרם,false,,9.90,0.0248,true,1,1429074
8005200256587,false,נסטי - תה קר בטעם אפרסק 1.5 ליטר,מפעל סאנפלגרינו S.P.,IT,נסטי אפרסק 1.5 ליטר,מיליליטרים,1500.00,"100 מ""ל",false,,8.90,0.0059,true,1,1438171
8005803010586,false,"מקלות אפויים עם שמן זית, מלח, עגבניות ואורגנו, 125 גרם, אמור די פאן","הוסטה איטליה, ס.ר.ל.",IT,גריסיני פיצה אפויים,גרמים,125.00,100 גרם,false,,7.90,0.0632,true,1,1412465
8006227000870,false,סמנצאטו לחם מחמצת עג,,IT,לחם מחמצת עגול דורום,גרמים,350.00,100 גרם,false,,15.50,0.0443,true,1,1437575
8006423229112,false,סנטה שוקולד עם קרם חלבי 500 גר SORINI,SORINI,IT,שוק' סנטה חלב ממולא,גרמים,500.00,100 גרם,false,,37.90,0.0758,true,1,1437712
8006423229907,false,שוקולד איש קרח קריסמ,SORINI,,שוק' איש קרח קריסמס,גרמים,500.00,100 גרם,false,,33.90,0.0678,true,1,1437713
8006423301856,false,בונבוניירה סוריני מעורבת 450 גר,HDI SORINI,IT,בונ' דפילה אגוז48% 4,גרמים,450.00,100 גרם,false,,80.00,0.1778,true,1,1419357
8006423362208,false,שוקולד סוריני טופ חו,SORINI,,שקית שוק' טופ חום 25,גרמים,250.00,100 גרם,false,,19.90,0.0796,true,1,1434261
8006423362406,false,שוקולד סוריני טופ זה,SORINI,,שקית שוק' טופ זהב 25,גרמים,250.00,100 גרם,false,,19.90,0.0796,true,1,1434262
8006423362703,false,שקית שוקולד טופ מריר,,,שקית שוק' טופ מריר48,גרמים,250.00,100 גרם,false,,19.90,0.0796,true,1,1434263
8006423460034,false,בונבוניירה סוריני קרימי 184 גר,הולדינג דולסיירה,IT,בונ' קרימי 184 ג' SO,גרמים,184.00,100 גרם,false,,55.00,0.2989,true,1,1434264
8006423461055,false,בונבוניירה בקבוק 280 גר FUEGO SORINI,SORINI-Holding Dolci,IT,שוק' בונ' בקבוק פואג,גרמים,280.00,100 גרם,false,,45.90,0.1639,true,1,1419374
8006423461789,false,בונבונירה כדור בונבו,SORINI-Holding Dolci,IT,בונ' כדור בונבון סור,גרמים,450.00,100 גרם,false,,59.90,0.1331,true,1,1437715
8006423461987,false,בונבוניירה סילין 300 גרם SORINI,הולדינג דולסיירה,IT,סוריני סילין שוקולד,גרמים,300.00,100 גרם,false,,35.00,0.1167,true,1,1419376
8006423462397,false,בונבוניירה לב מיוחד 475 גר SORINI,HDI SORINI,IT,בונ' לב מיוחד סוריני,גרמים,475.00,100 גרם,false,,69.90,0.1472,true,1,1419378
8006423462502,false,בונבוניירה קלאסיק 265 גרם SORINI,HDI SORINI,IT,בונ' סוריני קלאסיק 2,גרמים,280.00,100 גרם,false,,45.00,0.1607,true,1,1422287
8006423463066,false,בונ' ולנטיין גדולה 1,,,בונ' ולנטיין גדולה 1,גרמים,195.00,100 גרם,false,,59.90,0.3072,true,1,1434267
8006423466388,false,בונבוניירה תיק זהב/כסף 150 גר SORINI,SORINI-Holding Dolci,IT,בונ' תיק גליטר זהב/,גרמים,150.00,100 גרם,false,,41.90,0.2793,true,1,1434269
8006540112823,false,"לנור מרכך כביסה מרוכז בניחוח האוקיינוס 900 מ""ל",פרוקטר אנד גמבל,FR,לנור מרכך מרוכז בניח,מיליליטרים,900.00,"100 מ""ל",false,,15.90,0.0177,true,1,1435109
8007270999012,false,שמן גרעיני ענבים 1 ליטר,קוסטה דיאורו,IT,שמן גרעיני ענבים 1 ל,מיליליטרים,1000.00,"100 מ""ל",false,,39.90,0.0399,true,1,1417461
8008245004847,false,ממרח מובנפיק אגוזי ל,נאטקו,IT,ממרח אגוזי לוז וקקאו,גרמים,300.00,100 גרם,false,,14.90,0.0497,true,1,1437339
8008660210038,false,מעדן ריבה מנץ אנד גאססר תות שדה 300 גר,קריניציה ויטמינה אס,IT,מעדן תות שדה ויסוצק,גרמים,300.00,100 גרם,false,,17.90,0.0597,true,1,1441414
8008660210045,false,מעדן ריבה מנץ אנד גאססר פירות יער 300 גר,שוורצקוף& הנקל דיסלד,IT,מעדן פירות יער ויסוצ,גרמים,300.00,100 גרם,false,,17.90,0.0597,true,1,1441415
8008857200194,false,פסטה רג'ייה ספגטי 500 גר',רגיה,IT,פסטה ספגטי פסטה רג'י,גרמים,500.00,100 גרם,false,,5.90,0.0118,true,1,1407891
8008857200200,false,פסטה רג'ייה ספגטי דק 500 גר',,IT,פסטה ספגטיני פסטה רג,גרמים,500.00,100 גרם,false,,5.90,0.0118,true,1,1407892
8008857300481,false,פסטה רג'ייה בורג 500 גר',רגיה,IT,פסטה פוסילי פסטה רג',גרמים,500.00,100 גרם,false,,5.90,0.0118,true,1,1407895
8008857300603,false,פסטה רג'ייה קונכיה 500 גר',,IT,פסטה גומיטי ריגטה פס,גרמים,500.00,100 גרם,false,,5.90,0.0118,true,1,1407898
8008857300634,false,פסטה רג'ייה תלתל 500 גר',רגיה,IT,פסטה קוואטאפי פסטה ר,גרמים,500.00,100 גרם,false,,5.90,0.0118,true,1,1407900
8008857300771,false,פסטה רג'ייה אט' מרק 500 גר',,,איטריות מרק פסטה רג',גרמים,500.00,100 גרם,false,,5.90,0.0118,true,1,1407903
8008912010034,false,ליגורי- ספגטי מספר 3 500גר,פסטה ליגורי,IT,פסטה ספגטי 3 ליגורי,גרמים,500.00,100 גרם,false,,7.90,0.0158,true,1,1438380
8008912010300,false,פסטה פרפלה ליגורי 500 גר',פסטה ליגורי,IT,פסטה פרפלה ליגורי 50,גרמים,500.00,100 גרם,false,,7.90,0.0158,true,1,1439294
8008912010317,false,ליגורי-פוזילי מספר 31 500גר,פסטה ליגורי,IT,פסטה פוזילי 31 ליגור,גרמים,500.00,100 גרם,false,,7.90,0.0158,true,1,1438382
8008912010423,false,ליגורי- פנה ריגטה מספר 42 500גר,פסטה ליגורי,IT,פסטה ריגטה 42 ליגורי,גרמים,500.00,100 גרם,false,,7.90,0.0158,true,1,1438383
8009470006651,false,מעדן טונה וגזר ירוק להשאט 80 גר',,,מזון לחתול מעדן טונה,גרמים,80.00,100 גרם,false,,6.90,0.0863,true,1,1433687
8009470009072,false,סימבה שימורי חתולים בטעם עוף 415ג',אמ.או.אן.ג'י.אי.אמונ,,מזון לחתולים בטעם עו,גרמים,415.00,100 גרם,false,,4.90,0.0118,true,1,1410359
8009470009096,false,סימבה שימורי חתולים טעם דגים וטונה 415ג',אמ.או.אן.ג'י.אי.אמונ,,מזון לחתולים בטעם טו,גרמים,415.00,100 גרם,false,,4.90,0.0118,true,1,1410360
8009470009164,false,סימבה שימורים לכלבים כבש 415 ג',אמ.או.אן.ג'י.אי.אמונ,,מזון לח לכלבים בטעם,גרמים,415.00,100 גרם,false,,4.90,0.0118,true,1,1410361
8009470009218,false,(סימבה מעדן לחתול בשר 100 גר'(215,,,מזון לחתול פטה בטעם,גרמים,100.00,100 גרם,false,,4.50,0.0450,true,1,1410363
8009470009225,false,(סימבה מעדן לחתול עוף 100 גר'(222,,,מזון לחתול פטה בטעם,גרמים,100.00,100 גרם,false,,4.50,0.0450,true,1,1421916
8009470009232,false,מעדן לחתול דג 100 ג' סימבה,,,מעדן חתולים בטעמים,גרמים,100.00,100 גרם,false,,4.50,0.0450,true,1,1437760
8009470009423,false,'פחית סימבה תכלת טונה ודג אוקיינוס 85 גר,,,מזון לחתול מעדן טונה,גרמים,80.00,100 גרם,false,,6.90,0.0863,true,1,1434898
8009470009539,false,אוכל לחתולים סימבה צ,אמ.או.אן.ג'י.אי.אמונ,,אוכל לחתולים בטעם בש,גרמים,415.00,100 גרם,false,,4.90,0.0118,true,1,1410364
8013108003509,false,בונבוניירה מיקס שוקולד 160 גר CAFFAREL,CAFFAREL,IT,בונ' כרית מיקס שוקול,גרמים,160.00,100 גרם,false,,29.90,0.1869,true,1,1434274
8015997000638,false,מאריני איטליה-אצבעות מאפה מסוכרות 200 גר',Biscottificio Verona,,אצבעות בישקוטים מצופ,גרמים,200.00,100 גרם,false,,9.90,0.0495,true,1,1409330
8022470213393,false,דרגיה שקד מריר 500 גר PRISCO MAX,ITALIANA CONFETTI-PR,IT,דרג'ה אגוזי לוז שקד,גרמים,500.00,100 גרם,false,,49.90,0.0998,true,1,1419391
8022470226331,false,דרג'ה אגוזי לוז פקאן,,,דרג'ה אגוזי לוז פקאן,גרמים,500.00,100 גרם,false,,49.90,0.0998,true,1,1438440
8022470253610,false,דרגה ליקר לימונצלו בשוקולד לבן 500 גר,,IT,דרג'ה אגוזי לוז ליקר,גרמים,500.00,100 גרם,false,,49.90,0.0998,true,1,1438445
8023492000237,false,סטיק נוגט טורונה שקד,די.גי 3 דולצאריה ס.ר,IT,סטיק נוגט טורונה עם,גרמים,150.00,100 גרם,false,,14.90,0.0993,true,1,1434287
8023492000336,false,סטיק שוקולד מריר עם אגוזים 150 גר DG 3,די.גי 3 דולצאריה ס.ר,IT,שוקולד מריר עם אגוזי,גרמים,150.00,100 גרם,false,,14.90,0.0993,true,1,1419405
8023492000695,false,סטיק שוקולד מריר אגוזים וקפה 150 גר DG 3,Dg3 dolciaria,IT,סטיק שוקולד ג'נדויה,גרמים,150.00,100 גרם,false,,14.90,0.0993,true,1,1419407
8023492004341,false,שוקולד גיאנדויה פיסט,די.גי 3 דולצאריה ס.ר,IT,סטיק ג'יאנדויה חלב ע,גרמים,150.00,100 גרם,false,,14.90,0.0993,true,1,1435844
8023492004495,false,טבלת שוקולד חלב אגוזי לוז 225 גר DJ3,Dg3 dolciaria,IT,שוקולד חלב עם אגוזי,גרמים,225.00,100 גרם,false,,14.90,0.0662,true,1,1439320
8023492004501,false,טבלת שוקולד מריר אגוזי לוז 225 גר DJ3,Dg3 dolciaria,IT,שוקולד מריר עם אגוזי,גרמים,226.00,100 גרם,false,,14.90,0.0659,true,1,1439321
8023492004525,false,טבלת שוקולד מריר חמוציות 225 גר DJ3,Dg3 dolciaria,IT,שוקולד מריר עם חמוצי,גרמים,227.00,100 גרם,false,,14.90,0.0656,true,1,1439323
8024985005296,false,סמוזי אגס בננה תפוח וקינואה אורגני,נטורה נובה,IT,נטורה נובה - סמוזי א,גרמים,120.00,100 גרם,false,,6.90,0.0575,true,1,1417463
8032880800243,false,פיקניק הפתעה - אגוזי לוז ומקלות אפויים,"הוסטה איטליה, ס.ר.ל.",IT,פיקניק הפתעה 50 גרם,גרמים,50.00,100 גרם,false,,7.20,0.1440,true,1,1412467
8033102690062,false,עוגיות וישנזי במילוי,קריות זול,IT,וישנזי עוגיות במילוי,גרמים,150.00,100 גרם,false,,11.90,0.0793,true,1,1441893
8033102690079,false,עוגיות וישנזי במילוי,קריות זול,IT,וישנזי עוגיות במילוי,גרמים,150.00,100 גרם,false,,11.90,0.0793,true,1,1441894
8033102690086,false,וישנזי עוגיות במילוי,Vicenzi S.p.A.,IT,וישנזי עוגיות במילוי,גרמים,150.00,100 גרם,false,,11.90,0.0793,true,1,1441895
8410076600622,false,חטיפי גרנולה קראנצ'י עם שוקולד מריר נייצ'ר ואלי 210 גרם,ג'נרל מילס סאן אדריא,ES,חטיפי גרנולה שוקולד,גרמים,210.00,100 גרם,false,,19.90,0.0948,true,1,1412468
8410076610386,false,נייטשר ואלי פרוטאין בוטנים עם ציפוי בטעם קרמל מלוח 160 ג',סריילטו ספיין פודס,ES,נייצ'ר וואלי פרוטאין,גרמים,160.00,100 גרם,false,,26.90,0.1681,true,1,1412470
8410076610508,false,"נייטשר וואלי צ'ואי שוקולד מריר בוטנים ושקדים, חמישיה 5 * 30 גרם",נייצ'ר ואלי Nature Valley,ES,חטיף בוטנים שקדים עם,גרמים,150.00,100 גרם,false,,18.00,0.1200,true,1,1426003
8410076621009,false,עוגות אישיות בטעם קרמל עם חתיכות בטעם קרמל מלוח,"גלאטס סירו בע""מ",PT,עוגות אישיות פייבר ו,יחידה,5.00,יחידה,false,,14.90,2.9800,true,1,1433243
8410076621047,false,עוגות אישיות בטעם שוקולד עם חתיכות בטעם שוקולד,"גלאטס סירו בע""מ",ES,עוגות אישיות פייבר ו,יחידה,5.00,יחידה,false,,14.90,2.9800,true,1,1433244
8410109050882,false,שוקולד מריר 70% ללא,LAVDAS,GR,שוקולד מריר 70% ללא,גרמים,100.00,100 גרם,false,,12.90,0.1290,true,1,1437253
8410109056532,false,ואלור טב שוק מריר במילוי טראפלס 100 ג,LAVDAS,ES,שוקולד מריר במילוי ט,גרמים,100.00,100 גרם,false,,12.90,0.1290,true,1,1437255
8410109056549,false,ואלור טב שוק חלב במילוי קרם אגוזים 100,,,שוקולד חלב במילוי קר,גרמים,100.00,100 גרם,false,,12.90,0.1290,true,1,1437256
8410109109825,false,שוקולד מריר עם חתיכו,LAVDAS,GR,שוקולד מריר עם תפוז,גרמים,100.00,100 גרם,false,,12.90,0.1290,true,1,1437257
8410109109832,false,ואלור טבלאות שוקולד,LAVDAS,GR,שוקולד מריר 85% ללא,גרמים,100.00,100 גרם,false,,12.90,0.1290,true,1,1437258
8410109120462,false,ואלור טב' שוק מריר 8,,,ואלור טב' שוק מריר 8,גרמים,100.00,100 גרם,false,,14.90,0.1490,true,1,1441378
8410128768355,false,ויוה סוי סויה קלאסי קרטונית ליטר,קלידאד פסקואל,ES,ויוה סוי סויה קרטוני,מיליליטרים,1000.00,"100 מ""ל",false,,11.90,0.0119,true,1,1441577
8410342003508,false,"טוראס- ממרח שוקולד ללת""ס 200 גרם",,ES,ממרח שוק.ואגוזים ל.ת,גרמים,200.00,100 גרם,false,,22.90,0.1145,true,1,1440618
8410342005625,false,"טוראס-שוקולד חלב אגוז ללת""ס 75 גרם",,ES,טוראס-שוקולד חלב אגו,גרמים,75.00,100 גרם,false,,9.90,0.1320,true,1,1409338
8410342005632,false,טוראס שוקולד חלב שקד ללא סוכר 75 גרם,,ES,טוראס-שוקולד חלב 75,גרמים,75.00,100 גרם,false,,9.90,0.1320,true,1,1409339
8410342006318,false,טוראס שוקולד מריר קפה ללא סוכר 75 גרם,,ES,טוראס-שוקולד מריר קפ,גרמים,75.00,100 גרם,false,,9.90,0.1320,true,1,1409341
8410342007049,false,"טוראס-שוקולד מריר 85% ללת""ס 75 גרם",,,טוראס-שוקולד מריר 85,גרמים,75.00,100 גרם,false,,9.90,0.1320,true,1,1431383
8410376014068,false,גולון קרקר פיק דגיגים 350גר,GULLON,,גולון-קרקר פיק דגים,גרמים,350.00,100 גרם,false,,10.90,0.0311,true,1,1431381
8410376033267,false,גולון ביסקוויט דגנים ללא סוכר 410 ג',GULLON,,ביסקויט דגנים ללא תו,גרמים,410.00,100 גרם,false,,17.90,0.0437,true,1,1440619
8410376042481,false,גולון ביסקווט קרם יוגורט ללא תוספת סוכר 220 גרם,גלטס גולון,,ביסקויט קרם יוגורט ל,גרמים,22.00,100 גרם,false,,17.90,0.8136,true,1,1440620
8410376052633,false,גולון-עוגיות שוקוצ'יפס ללא תוספת סוכר 150 ג 1/12,VIRGINIAS INDUSTRIAS,ES,עוגיות שוקוצ'יפס ללא,גרמים,150.00,100 גרם,false,,11.90,0.0793,true,1,1431574
8410376059397,false,גולון וופל שוקולד ללא תוספת סוכר 180 גרם,GULLON,ES,וופל בטעם שוקולד ללא,גרמים,180.00,100 גרם,false,,15.90,0.0883,true,1,1433810
8413178155793,false,מנטה אקליפטוס וקסמן,,,מנטה אקליפטוס וקסמן,גרמים,1000.00,100 גרם,false,,45.90,0.0459,true,1,1429911
8413664511447,false,פאפאס ארגנטה ברוסקטה שום ופטרוזיליה 150 ג',,ES,ברוסקטה שום ופטרוזיל,גרמים,150.00,100 גרם,false,,10.90,0.0727,true,1,1434019
8413664511706,false,פאפאס ארגנטה-ברוסקטה עגבניות ואורגנו 150 גרם,,ES,ברוסקטה עגבניות ואור,גרמים,150.00,100 גרם,false,,10.90,0.0727,true,1,1434020
8413664611611,false,פאפאס ארגנטה ציפס דליקטס 180 גרם,,ES,צ'יפס דליקטס פאפאס א,גרמים,180.00,100 גרם,false,,18.90,0.1050,true,1,1434021
8420708012822,false,"גבינת קשקבל ספרדי, 200 גרם",מיוצר עי קונדיטוריית,ES,קשקבל בשלה 200 גרם,גרמים,200.00,100 גרם,false,,23.90,0.1195,true,1,1409140
8423207209885,false,מרבה חטיפי סלים דליס מהדורה מיוחדת שוקולד חלב,סלים דליס Slim Delis,ES,חטיף דגנים מצופה אקס,יחידה,1.00,יחידה,false,,10.90,10.9000,true,1,1414357
8423207210928,false,חטיף דגנים מצופה שוקולד חלב ואגוזי לוז - 5 במארז,נוטרישן אנד סנטה קוב,ES,חטיף דגנים מצופה שוק,יחידה,5.00,יחידה,false,,10.90,2.1800,true,1,1431546
8423207210966,false,חטיף רב דגנים מצופה שוקולד לבן קוקוס ולימון,נוטרישן אנד סנטה קוב,ES,חטיף דגנים מצופה שוק,יחידה,5.00,יחידה,false,,10.90,2.1800,true,1,1431548
8445290427120,false,דגני פיטנס Fitness שוקולד מריר ובננה,נסטלה צרפת איטנקורט,FR,פיטנס שוקולד מריר וב,גרמים,330.00,100 גרם,false,,19.90,0.0603,true,1,1441178
8681554610208,false,סבון דה רויאל שמן זי,,,סבון דה רויאל שמן זי,100 יחידה,1.00,100 יחידה,false,,14.90,14.9000,true,1,1440962
8682151530159,false,בונ לבנה עם מבחר שוק,EGK GIDA ITHALAT IH,TR,בונ' לבנה עם מבחר שו,גרמים,401.00,100 גרם,false,,74.90,0.1868,true,1,1441383
8682151530340,false,בונבוניירת כפיות שוק,,,בונבוניירת כפיות שוק,גרמים,54.00,100 גרם,false,,10.90,0.2019,true,1,1438449
8682151531637,false,בונבוניירה שחורה פור,EGK GIDA ITHALAT IH,TR,בונבוניירה שחורה פור,גרמים,400.00,100 גרם,false,,69.90,0.1748,true,1,1439742
8682151532733,false,בונ' נפוליטנים חלב ו,,,בונ' נפוליטנים חלב ו,גרמים,465.00,100 גרם,false,,69.90,0.1503,true,1,1441388
8683130008355,false,מיונז עם שום הלמנס לחיץ 400 גרם,יוניליוור ישראל שיוו,TR,מיונז עם שום הלמנס 4,גרמים,400.00,100 גרם,false,,14.90,0.0373,true,1,1438212
8683130012666,false,מגנום דאבל לבן עוגיות 200 גרם,"מיוצר ע""י יונילוור ס",TR,מגנום דאבל לבן עוגיו,גרמים,74.00,100 גרם,false,,9.90,0.1338,true,1,1439410
8683323063024,false,יוגטה שטיחים בטעם תותי פרוטי 220 גרם,ליימן מותגים,TR,יוגטה שטיחים תותי פר,גרמים,220.00,100 גרם,false,,9.90,0.0450,true,1,1412484
8683363414138,false,גריקן מסטיק פטל כחול,,,גריקן מסטיק פטל כחול,גרמים,50.00,100 גרם,false,,9.90,0.1980,true,1,1441624
8690504081913,false,מקוויטיס טינס מצופה שוקולד חלב 150 גרם,שוורצקוף& הנקל דיסלד,TR,טינס מצופה שוקולד חל,גרמים,150.00,100 גרם,false,,10.90,0.0727,true,1,1431426
8690504081920,false,מקוויטיס טינס מצופה שוקולד מריר 150 גרם,שוורצקוף& הנקל דיסלד,TR,טינס מצופה שוקולד מר,גרמים,150.00,100 גרם,false,,10.90,0.0727,true,1,1431427
8690504081937,false,מקוויטיס טינס שוקולד חלב וקפוצינו 150 גר,שוורצקוף& הנקל דיסלד,TR,טינס מצופה שוקולד חל,גרמים,150.00,100 גרם,false,,10.90,0.0727,true,1,1431428
8690504153740,false,שוקולד מריר במילוי קרם בטעם שוקולד מריר,ביסקוט ביסקווי סילבר,TR,גודייבה מריר 86 גרם,גרמים,86.00,100 גרם,false,,14.90,0.1733,true,1,1406743
8690637555084,false,מרכך כביסה בדין אקסטרא פריחת תפוז 960 מל,יוניליוור סנאיי וי ט,TR,מרכך כביסה מרוכז לבן,מיליליטרים,960.00,"100 מ""ל",false,,17.90,0.0186,true,1,1409942
8690637858734,false,ג'ל לניקוי כללי בתוספת אקונומיקה בניחוח לימון,סיף פנטסטיק Cif Fantastic,IL,סיף ג'ל אקונומיקה לי,מיליליטרים,750.00,"100 מ""ל",false,,10.90,0.0145,true,1,1409948
8690637890666,false,מאגדת מגנום מיני דאבל פיסטוק 6 יח' שטראוס,יוניליוור סנאיי וי ט,TR,מיני מגנום פיסטוק שו,יחידה,6.00,יחידה,false,,27.90,4.6500,true,1,1416849
8690637989612,false,שלגון שמנת בטעם וניל עם ריפל בטעם שוקולד 246 גרם,יונילוור סנאיי וי טי,TR,מגנום מיני דאבל דולצ,יחידה,6.00,יחידה,false,,27.90,4.6500,true,1,1434770
8690637989629,false,מגנום דאבל דולצ'ה גולד בטעם וניל עם ריפל בטעם שוקולד 246 גרם,יונילוור סנאיי וי טי,TR,מגנום דאבל דולצ'ה גו,יחידה,1.00,יחידה,false,,9.90,9.9000,true,1,1434767
8690766156374,false,שוקולד גודייבה מריר 72% מוצרי קקאו 90 גר,"אולקר מקבוצת פלאדיס,",TR,שוקולד מריר מעולה 72,גרמים,90.00,100 גרם,false,,14.90,0.1656,true,1,1406750
8690766156381,false,גודייבה שוקולד מריר 90% מוצקי קקאו 90 גרם,"אולקר מקבוצת פלאדיס,",TR,שוקולד מריר מעולה 90,גרמים,90.00,100 גרם,false,,14.90,0.1656,true,1,1432635
8690766156411,false,שוקולד מריר מעולה בטעם פלפל ורוד עם חתיכות תות מסוכר 90 גרם,"אולקר מקבוצת פלאדיס,",TR,שוקולד מריר מעולה בט,גרמים,90.00,100 גרם,false,,14.90,0.1656,true,1,1406752
8690777203012,false,פלפלים ירוקים כבושים לא חריפים וילי פוד 600 גרם,יוליניבר,TR,פלפלים ירוקים כבושים,גרמים,600.00,100 גרם,false,,12.90,0.0215,true,1,1408631
8690777204071,false,פלפלים כבושים חריפים סרה 320 גרם,יוליניבר,TR,פלפל חריף סרה 640 גר,גרמים,640.00,100 גרם,false,,12.90,0.0202,true,1,1408632
8690777206051,false,חצילים קלויים על האש סארה 650 גר',קוראהן פזלרמה וי דיס,TR,חציל קלוי על האש בצנ,גרמים,650.00,100 גרם,false,,12.90,0.0198,true,1,1408633
8690777221405,false,פלפל אדום קלויים על האש 650 גרם SERA,קוראהן פזלרמה וי דיס,TR,פלפל אדום קלוי סרה 6,גרמים,650.00,100 גרם,false,,12.90,0.0198,true,1,1408634
8691707036014,false,ממתק אוזמו ביצת הפתע,,,אוזמו ביצת הפתעה 20,גרמים,20.00,100 גרם,false,,3.50,0.1750,true,1,1441629
8693029032064,false,מעיין פרוט רופ תות 2,,,מעיין פרוט רופ תות 2,גרמים,20.00,100 גרם,false,,1.50,0.0750,true,1,1441633
8693029032095,false,מעיין פרוט רופ אבטיח,,,מעיין פרוט רופ אבטיח,גרמים,20.00,100 גרם,false,,1.50,0.0750,true,1,1441636
8693323085100,false,גומי יוגטה שטיחים חמוצים טעם פירות 100 ג,יוגטה yogueta,TR,שטיחים חמוצים בצורת,גרמים,100.00,100 גרם,false,,5.00,0.0500,true,1,1412491
8697431460378,false,קונפיטורה70% שזיף 450 ג' FRUPPA,פרוטנגו Fruitango,,קונפיטורה 70% שזיף 4,גרמים,450.00,100 גרם,false,,15.50,0.0344,true,1,1407913
8697431925143,false,קונפיטורה 70% פירות יער 450 ג' FRUPPA,פרוטנגו Fruitango,,קונפיטורה 70% פירות,גרמים,450.00,100 גרם,false,,15.50,0.0344,true,1,1407916
8710502194801,false,"עוגיות שוקלד ציפס רכה פירות יער ""מרבה"" 175 גרם",בנקטבקריי מרבה בי.וי,NL,עוגיות שוקולד צי'פס,גרמים,175.00,100 גרם,false,,8.90,0.0509,true,1,1414653
8710502279010,false,מרבה עוגיות שוקולד ציפס מצופות שוקולד 175 גרם - רבנות,"י.מרבה ישראל בע""מ",NL,עוגיות שוקולד צ'יפס,גרמים,175.00,100 גרם,false,,8.90,0.0509,true,1,1433429
8710502285509,false,מרבה - עוגיות לימון ושוקולד צ'יפס במרקם רך 175 גרם,בנקטבקריי מרבה בי.וי,NL,מרבה עוגיות לימון וש,גרמים,175.00,100 גרם,false,,8.90,0.0509,true,1,1437762
8710502405204,false,עוגיות שוקולד צ'יפס עם קרם שוקולד מרבה 175 גרם,קריניציה ויטמינה אס,NL,עוגיות שוקולד צ'יפס,גרמים,175.00,100 גרם,false,,8.90,0.0509,true,1,1414368
8710800027573,false,סוכריות מיני בטעם פירות מנטוס 178 גרם,פרפטי ואן מלה,NL,מיני סוכריות פירות מ,יחידה,17.00,יחידה,false,,12.90,0.7588,true,1,1412501
8711327475717,false,מגנום פיינט וניל שקדים 260 גרם,"מפעל גלידות בווספרם,",HU,מגנום פיינט וניל שקד,גרמים,260.00,100 גרם,false,,20.90,0.0804,true,1,1433776
8711327475762,false,מגנום פיינט שוקולד לבן עוגיות 260 גרם,"מפעל גלידות בווספרם,",HU,מגנום פיינט שוקולד ל,גרמים,260.00,100 גרם,false,,20.90,0.0804,true,1,1433777
8712000051099,false,"בירה היינקן 0.0 , ללא אלכוהול מארז שישייה",פארייפאבה אגרואינדוס,NL,"היינקן 330 מ""ל מארז",מיליליטרים,1980.00,"100 מ""ל",false,,29.90,0.0151,true,1,1427989
8714599104330,false,ג'ייקובס קפה שחור 85 גרם קלוי וטחון טורקי,ג'ייקובס Jacobs,,ג'ייקובס קפה שחור 85,גרמים,85.00,100 גרם,false,,7.90,0.0929,true,1,1429525
8714599410530,false,גייקובס קרונינג שקית רפיל 200 גרם,מונדליז,UA,ג'ייקובס קרוננג 200,גרמים,200.00,100 גרם,false,,19.90,0.0995,true,1,1408279
8714599410806,false,קפה נמס ג'ייקובס קרונונג בשקית 160 גרם,ג'ייקובס Jacobs,RU,קפה נמס מיובש בהקפאה,גרמים,160.00,100 גרם,false,,18.90,0.1181,true,1,1408281
8714599513828,false,ג'ייקובס קרוננג מיובש בהקפאה 47.5 גרם צנצנת,דיפלומט,RU,קפה נמס מיובש בהקפאה,גרמים,47.50,100 גרם,false,,6.90,0.1453,true,1,1408283
8714599513866,false,קפה נמס מיובש בהקפאה ג'ייקובס קרונונג 200 גרם,אל.אל.סי גייקובס דאו,DE,קפה נמס מיובש בהקפאה,גרמים,200.00,100 גרם,false,,27.90,0.1395,true,1,1408284
8714789177229,false,מברשת שיניים אקסטרה קלין מדיום - מארז רביעיה,הנסיך- מפעל לייצור ט,CN,מברשת שיניים אקסטרה,יחידה,4.00,יחידה,false,,9.90,2.4750,true,1,1428220
8714789582764,false,אג'קס ספריי לניקוי חלונות ומשטחים,הנסיך- מפעל לייצור ט,GR,אג'קס ספריי לניקוי ח,מיליליטרים,750.00,"100 מ""ל",false,,15.90,0.0212,true,1,1414375
8714789930848,false,"משחת שיניים אופטיק וייט הלבנה מיידית קולגייט 75 מ""ל",הנסיך- מפעל לייצור ט,PL,משחת שיניים אופטיק ו,מיליליטרים,75.00,"100 מ""ל",false,,19.90,0.2653,true,1,1414376
8715700110141,false,מיונז קרמי היינץ צנצנת 460ג',ה.י.היינץ הולדינג בי,NL,ממרח מיונז היינץ 460,גרמים,460.00,100 גרם,false,,10.90,0.0237,true,1,1408286
8715700110158,false,היינץ ממרח במרקם קרמי צנצנת 490 גרם,ה.י.היינץ הולדינג בי,NL,מיונז היינץ לייט צנצ,גרמים,490.00,100 גרם,false,,10.90,0.0222,true,1,1408287
8715700120874,false,מתבל עגבניות היינץ בתוספת שום,ה.י. היינץ,NL,היינץ קטשופ שום 460,גרמים,460.00,100 גרם,false,,10.90,0.0237,true,1,1437218
8715700419718,false,מתבל עגבניות היינץ 910 גרם,ה.י. היינץ,NL,קטשופ היינץ 910 גרם,גרמים,910.00,100 גרם,false,,12.90,0.0142,true,1,1408290
8715700419732,false,מתבל עגבניות היינץ 700 גרם,ה.י. היינץ,NL,קטשופ היינץ 700 גרם,גרמים,700.00,100 גרם,false,,10.90,0.0156,true,1,1408291
8715700423906,false,היינץ מתבל עגבניות מופחת סוכר ומלח 50/50 550 גרם,היינץ צפון אמריקה מק,NL,היינץ מתבל עגבניות מ,גרמים,555.00,100 גרם,false,,10.90,0.0196,true,1,1408295
8717163647264,false,"דאו אקס ספרי גוף לגבר אייס ציל 150 מ""ל",יוניליוור HPC,GB,דאודורנט בודי ספריי,מיליליטרים,150.00,"100 מ""ל",false,,13.90,0.0927,true,1,1409981
8717677336593,false,טוניס שוקולד חלב 180 גרם רבנות - נוכרי,טוניס/שוקולונלי,NL,שוקולד חלב טוניס 180,גרמים,180.00,100 גרם,false,,19.90,0.1106,true,1,1438463
8717677336616,false,טוניס שוקולד מריר+שקדים ומלח 180 גרם רבנות - נוכרי,טוניס/שוקולונלי,NL,שוקולד מריר שקדים ומ,גרמים,180.00,100 גרם,false,,19.90,0.1106,true,1,1438464
8717677336630,false,טוניס שוקולונלי שוקולד חלב שקדים ודבש180,טוניס/שוקולונלי,NL,שוקולד חלב שקדים ודב,גרמים,180.00,100 גרם,false,,19.90,0.1106,true,1,1438465
8717677336654,false,טוניס - שוקולד חלב מעולה עם שברי קרמל מלוח,טוניס/שוקולונלי,NL,שוקולד חלב מעולה עם,גרמים,180.00,100 גרם,false,,19.90,0.1106,true,1,1441100
8717677336661,false,טוניס שוקולד מריר מעולה 70% 180 גרם רבנות - נוכרי,טוניס/שוקולונלי,NL,שוקולד מריר 70% טוני,גרמים,180.00,100 גרם,false,,19.90,0.1106,true,1,1438466
8717677338436,false,טוניס שוקולד חלב+אגוזי לוז 180 גרם רבנות - נוכרי,טוניס/שוקולונלי,NL,שוקולד חלב אגוזי לוז,גרמים,180.00,100 גרם,false,,19.90,0.1106,true,1,1438467
8718951236790,false,"קולגייט טוטאל משחת שיניים קלין מינט לפה בריא 100 מ""ל",קולגייט Colgate,PL,משחת שיניים קלין מינ,מיליליטרים,100.00,"100 מ""ל",false,,16.90,0.1690,true,1,1414386
8718951315303,false,משחת שיניים קולגייט הגנה מקסימלית - מארז זוג,קולגייט-פלמוליב,PL,מארז קולגייט אדומה ב,מיליליטרים,200.00,"100 מ""ל",false,,20.90,0.1045,true,1,1431280
8719200998001,false,מרגרינה לאפיה ובישול בלי מלח 200 ג' בלו בנד,מיוצר עי קונדיטוריית,IL,מרגרינה לאפיה ובישול,גרמים,200.00,100 גרם,false,,4.50,0.0225,true,1,1428227
8719200998018,false,מחמאה מרגרינה בטעם חמאה 200 ג' בלו בנד,פארייפאבה אגרואינדוס,IL,מחמאה ב.בנד 200 גרם,גרמים,200.00,100 גרם,false,,4.70,0.0235,true,1,1427756
8719200998049,false,"מרגרינה מזולה גלורי רגיל 250גר 8 יחידות -כשל""פ",פארייפאבה אגרואינדוס,IL,מזולה גלורי רגיל 250,גרמים,250.00,100 גרם,false,,9.90,0.0396,true,1,1428228
8719200998100,false,מרגרינה מזולה לאפיה טעם חמאה 200גר - 40 יח',פארייפאבה אגרואינדוס,IL,מזולה לאפיה טעם חמאה,גרמים,200.00,100 גרם,false,,6.50,0.0325,true,1,1423804
8801055707966,false,קפה טייסטר צו'יס נס קפה בריסטה 180ג',נסטלה קוריאה - קפה,KR,טייסטרס צ'וייס בריסט,גרמים,180.00,100 גרם,false,,31.90,0.1772,true,1,1407531
8850206250592,false,רוטב צ`ילי סיראצ`ה 540 גרם,יאן וואל יון קו.לטד,TH,רוטב צ'ילי סיראצ'ה 5,גרמים,530.00,100 גרם,false,,19.90,0.0375,true,1,1412142
8850367992164,false,קרם קוקוס 250 מל 20-22% ללא חומר משמר,טאפ פאד ונגפורן,TH,"קרם קוקוס 250 מ""ל 20",מיליליטרים,250.00,"100 מ""ל",false,,7.90,0.0316,true,1,1412143
8850389105825,false,סאפה משקה אלוורה בטעם ענבים,סאפה פובליק קומפני ל,TH,סאפה אלוורה ענבים 1,מיליליטרים,1000.00,"100 מ""ל",false,,13.20,0.0132,true,1,1410789
8850632601098,false,סוכריית גומי חמוצה,,,מלמ רולר תות ורוד 1/,גרמים,40.00,100 גרם,false,,3.90,0.0975,true,1,1436876
8850632601104,false,רולר פטל כחול 40 גרם,,,רולר פטל כחול 40 גרם,גרמים,40.00,100 גרם,false,,3.50,0.0875,true,1,1436877
8850632604259,false,"יוגטה, חיספוסים, ממתק חמוץ בצורת מקלות בטעם תות שדה,50 גרם",ג'נרל קנדי בעמ,TH,חיספוסים מקלות בטעם,גרמים,50.00,100 גרם,false,,4.50,0.0900,true,1,1412506
8850632604266,false,"יוגטה, ממתק חמוץ בצורת מקלות בטעם קולה, 50 גרם",ג'נרל קנדי בעמ,TH,חיספוסים מקלות בטעם,גרמים,50.00,100 גרם,false,,4.50,0.0900,true,1,1412507
8850632604372,false,"יוגטה, חיספוסים בצורת שטיח בטעם תות שדה 50 גרם",ג'נרל קנדי בעמ,TH,חיספוסים רצועות תות,גרמים,50.00,100 גרם,false,,4.50,0.0900,true,1,1412508
8850632608998,false,שטיח ממותק פירות בטע,,,מלמ רולר צבעוני 4 צב,גרמים,40.00,100 גרם,false,,3.50,0.0875,true,1,1436878
8851613101378,false,"נוזל קוקוס ארוי די 250 מ""ל",כלורוקס אוקלנד,TH,"חלב קוקוס 250 מ""ל",גרמים,250.00,100 גרם,false,,9.90,0.0396,true,1,1441143
8857101301008,false,"רוטב צ'ילי מתוק 700 מ""ל ויליפוד",פאן אינטר,TH,רוטב צילי מתוק 700 מ,מיליליטרים,700.00,"100 מ""ל",false,,10.90,0.0156,true,1,1408636
8888111030053,false,"מיץ אננס SW טבעי מארז 240X4מ""ל פרימיום",פילפאק,PH,מיץ אננס ללא תוספת ס,מיליליטרים,960.00,"100 מ""ל",false,,14.90,0.0155,true,1,1428010
8901537024014,false,"אורז בסמטי מובחר 1 ק""ג - דוואט) יורה דיעה",הנסיך- מפעל לייצור ט,IN,"אורז בסמטי 1 ק""ג DAA",גרמים,1000.00,100 גרם,false,,12.90,0.0129,true,1,1408640
8901537076679,false,"אורז בסמטי חום מלא 1 ק""ג דאוואט",האי נאם סי או אל.טי.,IN,אורז בסמטי חום מלא 1,גרמים,1000.00,100 גרם,false,,13.90,0.0139,true,1,1408641
8938505846019,false,"דפי אורז עגול גדול 22 ס""מ 250 גר'",סו שף Su Chef,,דפי אורז עגול גדול 2,גרמים,250.00,100 גרם,false,,9.90,0.0396,true,1,1430026
9000000000411,false,שום יבוא ארוז,,,שום יבוא ארוז,מארז,1.00,מארז,false,,7.90,7.9000,true,1,1433179
9002859036583,false,לשונות חתול שוקולד חלב 100ג,GUNZ WARENHANDELS,,לשונות חתול שוקולד ח,גרמים,100.00,100 גרם,false,,9.90,0.0990,true,1,1409362
9002859042799,false,גונץ - מוצרט כדורים בשקית 300 גר,GUNZ WARENHANDELS,,מוצרט שקית גונץ 300,גרמים,100.00,100 גרם,false,,35.90,0.3590,true,1,1441276
9002859050848,false,מטבעות זהב וכסף ברשת 100 גרם גונץ,,,מטבעות שוקולד חלב גו,גרמים,100.00,100 גרם,false,,9.90,0.0990,true,1,1409367
9002859054099,false,מוצרט-שוקולד ממולא 300ג',GUNZ WARENHANDELS,,מוצארט משושה גונץ 29,גרמים,297.00,100 גרם,false,,35.90,0.1209,true,1,1409368
9002859058172,false,בונבוניירה בננה ציפוי שוקולד מריר 300 גר,GUNZ WARENHANDELS,AT,"שוק ""בננה ציפוי שוקו",גרמים,300.00,100 גרם,false,,13.90,0.0463,true,1,1409371
9002859062131,false,גונץ- מארז פרליני פרלינים ורד 400 גר',GUNZ WARENHANDELS,,"בונ ""גונץ פרלינים 40",גרמים,400.00,100 גרם,false,,19.90,0.0497,true,1,1409372
9002859066894,false,גונץ - חטיף מרציפן מצופה שוקולד 100 גרם,Gunz,,מרציפן מצופה שוקולד,גרמים,100.00,100 גרם,false,,8.90,0.0890,true,1,1409375
9002859067570,false,דפדפי שוקולד תפוז - גונץ 200 גרם,GUNZ WARENHANDELS,,דפדפי שוקולד תפוז גו,גרמים,200.00,100 גרם,false,,17.90,0.0895,true,1,1440623
9002859075360,false,בונבונירה פרלינים גו,,,בונבונירה פרלינים גו,גרמים,400.00,100 גרם,false,,21.90,0.0547,true,1,1438493
9002859087295,false,גונץ - בונבונירה פרלינים אדום 400 גר,,,בונבונירה פרלינים מט,גרמים,400.00,100 גרם,false,,19.90,0.0497,true,1,1409384
9002859092657,false,גונץ-בננה ציפוי מריר 150 גר,Gunz,,בננה ציפוי מריר גונץ,גרמים,100.00,100 גרם,false,,12.90,0.1290,true,1,1441281
9002859105630,false,גונץ מרציפן מצופה שוקולד חלב ונוגט 75 גר,,AT,מרציפן מצופה שוקולד,גרמים,75.00,100 גרם,false,,9.90,0.1320,true,1,1409388
9002859105753,false,גונץ-ארנבי שוקולד חל,,,גונץ-ארנבי שוקולד חל,גרמים,100.00,100 גרם,false,,9.90,0.0990,true,1,1409389
9002975393812,false,סוכריות גילי הריבו האפי צירי 70 גרם,,AT,סוכריות הריבו האפי צ,גרמים,70.00,100 גרם,false,,6.90,0.0986,true,1,1439564
9002975393836,false,סוכריות גילי הריבו האפי קולה 70 גרם,"האריבו , ג'י.אם.בי.א",AT,סוכריות הריבו קולה 7,גרמים,70.00,100 גרם,false,,6.90,0.0986,true,1,1437919
9002975393843,false,סוכריות גילי הריבו גולדברס 70 גרם,"האריבו , ג'י.אם.בי.א",AT,סוכריות הריבו גולדבר,גרמים,70.00,100 גרם,false,,6.90,0.0986,true,1,1437920
9002975393850,false,סוכריות גילי הריבו וורמס 70 גרם,"האריבו , ג'י.אם.בי.א",AT,סוכריות הריבו וורמס,גרמים,70.00,100 גרם,false,,6.90,0.0986,true,1,1437921
9005835313609,false,קלרו טבליות למדיח כלים 15 יחידות CLARO,קלרו,AT,טבליות למדיח כלים 15,יחידה,15.00,יחידה,false,,10.90,0.7267,true,1,1438508
9044400849105,false,סוכריות פז בשקית 10+1 85 גר,פז פרודוקשיין,GB,שקית פז + 10 מילויים,גרמים,85.00,100 גרם,false,,14.90,0.1753,true,1,1441716
9044400851672,false,סוכריות פז סוגים שונים + 3 מילויים,פז פרודקשיין יורו,HU,סוכריות פז 1+3,גרמים,22.50,100 גרם,false,,10.90,0.4844,true,1,1440335
9120025834723,false,חטיף אוראו מצונן 120 גרם רבנות,בובארד איטליה אס.פי.,IT,חטיף אוראו מצונן 120,גרמים,120.00,100 גרם,false,,15.90,0.1325,true,1,1441408
9120025839896,false,חטיף מילקה מצונן 128 גרם,בובארד איטליה אס.פי.,IT,חטיף מילקה מצונן 128,גרמים,128.00,100 גרם,false,,15.90,0.1242,true,1,1441427
9310072028750,false,טים טם Tim Tam וופל שוקולד ציפוי כפול,"ארנוטס ביסקוויטס בע""",AU,טיםטם דאבל 200 גרם,גרמים,200.00,100 גרם,false,,19.90,0.0995,true,1,1436880
